3182 5130
663 375 762 460 μου,
1239 377 1275 442 n

140 573 252 656 μέτρου
275 577 378 636 ποδῶν
401 571 458 653 (=
483 569 804 656 Pseudo-Hephaest.
830 569 847 650 ἓ
870 567 939 652 20),
969 569 1037 649 περὶ
1060 572 1116 634 τοῦ
1137 566 1276 654 opertaen

141 675 266 760 μέτρου,
289 678 355 758 περὶ
378 681 436 740 τοῦ
457 677 629 756 ἒλεγειακοῦ
642 673 770 760 μέτρου,
793 676 931 752 περὶτοῦ
949 669 1186 752 ἀνακρέοντείου,
1209 675 1278 753 περὶ

142 789 199 844 τοῦ
220 783 363 862 ἰαμβικοῧ
382 777 510 863 μέτρου,
533 776 576 842 ἔτι
599 779 669 862 περὶ
693 783 748 840 τοῦ
769 779 913 858 ἰαμβικοῦ
924 775 1050 855 μέτρου,
1075 797 1155 860 quae
1172 778 1278 861 capita

144 884 249 949 omnia
265 905 282 948 e
300 881 512 946 Studemnndi
528 881 662 962 schedis,
688 901 758 944 cum
782 880 916 944 comiter
934 879 967 942 id
983 879 1058 950 mihi
1073 879 1281 964 permisisset,

141 987 223 1051 infra
245 988 277 1050 in
293 985 480 1069 Appendiee
504 983 604 1067 edidi;
628 984 771 1068 inscripsi
786 980 982 1068 ‘Anonymus
998 979 1179 1049 Romanus'.
1218 983 1276 1048 Ac·

143 1090 349 1169 ornatissime,
375 1097 409 1154 nt
432 1090 514 1154 solet
537 1090 585 1152 vir
610 1089 765 1172 egregins,
789 1087 923 1152 contulit
941 1109 995 1154 eas
1012 1093 1121 1169 partes
1136 1085 1280 1152 Pseudo·

143 1193 405 1279 Hephaestionis,
436 1214 518 1277 quse
547 1193 580 1256 in
612 1192 642 1257 R
671 1198 816 1276 sistant,
848 1213 867 1254 a
900 1189 1121 1255 Studemnndo
1150 1195 1280 1273 rogatus

143 1298 312 1381 Angustus
336 1295 422 1360 Mau.
473 1353 474 1358 ,
773 1317 774 1321 ’

247 1402 277 1464 2.
315 1399 339 1462 Ζ
363 1427 404 1450 =
428 1397 692 1463 Mutinensis
712 1397 755 1461 ἸΙ
777 1397 804 1460 F
825 1402 844 1462 4
868 1396 1055 1461 chartaceus
1078 1396 1198 1460 saeculi
1216 1393 1282 1461 XV

143 1503 195 1584 pel
217 1502 322 1587 potins
345 1499 429 1567 XVI
453 1521 525 1564 cum
548 1502 612 1566 alia
635 1503 787 1582 continet,
812 1500 852 1564 de
876 1500 990 1584 quibus
1013 1499 1140 1564 'rettulit
1164 1497 1282 1563 Stude-

143 1605 238 1671 mund
264 1606 295 1668 in
318 1606 422 1669 annal
446 1604 555 1689 philol.
579 1607 707 1669 υ.1867
732 1625 806 1688 pag.
823 1605 886 1666 612
909 1605 981 1688 sq.¹‚
1004 1610 1071 1668 tum
1088 1608 1161 1689 post
1178 1600 1282 1667 Choe-

142 1709 268 1775 rcbosci
297 1709 413 1773 librum
437 1709 629 1774 rhetoricum
657 1709 690 1772 in
713 1708 775 1774 fine
798 1708 944 1772 mutilum
966 1704 1281 1790 Pseudo-Hephae·

143 1815 256 1878 stionis
287 1813 524 1898 paragraphum
547 1813 681 1895 primam
711 1811 822 1894 solam,
854 1811 903 1875 cui
933 1811 996 1874 alia
1019 1819 1133 1875 manns
1163 1807 1283 1873 saeculi

143 1914 228 1980 XVI
249 1916 334 1980 hunc
365 1916 492 1980 titulum
525 1915 691 2000 praefixit:
723 1919 795 2000 περὶ
827 1913 933 1978 πέδου
964 1911 1038 1997 (sic)
1071 1915 1126 1976 not
1150 1910 1280 1992 μέτρων.

144 2021 328 2104 Perpancas
353 2041 394 2084 ex
416 2020 440 2083 Z
462 2020 616 2084 lectiones
641 2019 681 2084 ad
704 2020 787 2083 hanc
809 2019 826 2101 ξ
851 2021 866 2084 1
895 2019 1090 2104 pertinentes
1122 2015 1282 2101 excerpsit

144 2123 354 2204 Studemnnd,
385 2143 464 2208 quas
485 2143 545 2187 sno
573 2123 645 2188 loco
671 2143 730 2208 ego
761 2124 793 2187 in
819 2129 976 2207 apparatu
1005 2121 1113 2186 critico
1145 2140 1281 2185 comme·

142 2227 275 2291 moravi.

164 2344 168 2354 ·
247 2327 341 2394 Hanc
363 2329 420 2410 §1
454 2330 486 2394 in
519 2329 544 2392 Ζ
578 2331 743 2414 excipiunt
774 2329 886 2395 eadem
918 2346 1013 2394 manu
1045 2327 1162 2411 scripte
1194 2328 1282 2392 varia

144 2433 249 2517 capita
271 2433 311 2497 ad
336 2448 389 2498 aas
413 2433 597 2518 disciplinae
621 2434 771 2498 metricae
795 2441 912 2519 partes,
937 2454 1019 2518 qnae
1042 2431 1227 2518 Byzantinis
1250 2432 1282 2495 in

143 2535 264 2600 deliciis
287 2542 385 2617 erant,
409 2538 612 2622 pertinentia,
637 2537 677 2600 ds
701 2537 918 2623 quibushaec
949 2557 1052 2622 panca
1082 2535 1115 2599 in
1147 2535 1282 2600 schedas

142 2659 227 2721 suas,
250 2638 326 2703 dum
349 2639 616 2726 Mutinaedegit,
647 2650 731 2705 enno
757 2641 839 2705 1865
871 2641 1030 2724 congessit
1048 2623 1296 2705 ainamundi

142 2746 209 2822 napi
230 2741 344 2828 μέτρου
367 2741 500 2826 ἡρωϊκοῦ
522 2745 615 2824 (inat
650 2742 667 2807 έ
695 2743 765 2827 [sic]
796 2741 908 2826 μέτρον
937 2741 1071 2828 ἡρωϊκόν
1102 2742 1184 2808 ἔστιν
1214 2741 1282 2818 ἓξοί-

141 2871 266 2931 μετρον,
300 2845 364 2930 ἔχει
387 2848 492 2910 δὲκαὶ
516 2845 592 2911 ἑπτὰ
620 2846 704 2923 τινοές
735 2845 902 2931 διαφοράς,
934 2846 1014 2912 des:
1045 2844 1088 2922 ὠς
1117 2845 1152 2910 τέ
1182 2852 1282 2928 apulae

142 2948 326 3034 δ’έρίγησαν,
350 2951 415 3014 ἐπεὶ
438 2949 503 3015 ἴδον
525 2949 627 3015 αἰόλον
649 2947 721 3034 ὅφιν
742 2949 857 3034 (Hom.
882 2950 915 3014 M
938 2948 1027 3034 208).
1053 2985 1093 2996 -
1117 2951 1196 3035 περέ
1210 2953 1281 3018 icor

141 3052 235 3117 τέλου
258 3057 305 3116 καὶ
328 3051 452 3140 η’τέρουν·
478 3053 550 3138 [sic]
573 3053 698 3140 μέτρων
731 3055 821 3136 (inat
852 3051 1001 3130 δάκτυλος
1023 3055 1056 3117 ἐν
1081 3059 1203 3136 μακρᾶς
1231 3053 1281 3117 καὶ

141 3154 197 3233 ,δύο
211 3163 377 3241 βραχειῶν,
400 3155 586 3235 ἀνάπαιστος
603 3161 635 3223 ἐκ
651 3157 705 3222 δύο
717 3161 896 3243 βραχειῶν).
915 3191 952 3202 -
969 3159 1040 3241 napi
1061 3153 1174 3236 μέτρου
1190 3154 1281 3232 ποδές

142 3260 239 3336 (inat
267 3258 309 3324 Τί
329 3261 393 3324 ἐστι
415 3260 537 3344 μέτρον,
561 3265 662 3326 ποδῶν
677 3260 831 3346 συνθήκη.
868 3261 918 3326 καὶ
941 3263 972 3325 τί
989 3263 1053 3326 ἐστι
1068 3257 1154 3338 nono,
1175 3285 1279 3344 μετρι-

141 3362 194 3428 κόν
217 3361 360 3447 ου’στρμυ
384 3371 556 3449 συλλαβῶν,
580 3364 659 3430 dea:
681 3365 802 3448 ἵναμή
824 3370 1165 3448 περιττοουλλαβοέντες
1192 3360 1280 3452 ἡμεῖς

143 3465 372 3550 νομιζυέμέθα).
396 3507 437 3518 -
460 3467 503 3534 ἔτι
527 3467 597 3554 περὶ
618 3468 735 3552 μέτρου
757 3467 892 3552 η’ριυὶποῦ
913 3469 1006 3551 (inat
1035 3468 1136 3532 Ποῖον
1157 3469 1221 3532 ἐστὶ
1243 3465 1279 3530 τέ

143 3559 276 3658 ἡρωὶέῖὸν
297 3566 456 3654 μέτρονῶ
485 3575 532 3636 καὶ
563 3568 680 3657 ὅμηρος
707 3570 872 3656 ἐχρήσατο,
903 3572 989 3637 des:
1018 3567 1074 3648 τοὶς
1100 3572 1150 3635 ἐπὶ
1176 3572 1281 3654 τροέας

141 3667 267 3759 πράξενρ
298 3673 441 3758 διεξιών).
474 3711 511 3721 -
546 3678 615 3762 περὶ
645 3676 777 3758 ἐλεγείου
809 3677 899 3758 (inat
936 3674 982 3740 Ta
1009 3678 1137 3756 ἐλεγεῖον
1165 3673 1281 3758 μέτρον

140 3775 349 3862 πεντέμετρόν
372 3781 463 3844 ἐστιν.
487 3778 578 3846 πέντε
601 3779 660 3866 γάρ
683 3778 742 3864 ἔχει
761 3778 876 3865 χώρας,
900 3781 983 3848 des:
1009 3777 1192 3862 ἀμπλακίην,
1217 3799 1279 3862 quo

141 3879 297 3946 vocabulo
339 3881 538 3950 Studemund
574 3885 606 3948 in
645 3887 782 3968 patriam
821 3905 967 3950 reversus
1004 3883 1163 3949 intellexit
1197 3882 1279 3946 effici

142 3984 318 4049 clausulam
341 3989 531 4070 pentametri
558 3988 657 4053 illius:
685 3986 853 4068 πνεύματος
882 3986 1032 4052 ἕνθοίπτει
1062 3987 1191 4068 νάμασιν
1219 3983 1280 4068 ἀμ-

143 4151 236 4158 -—--
243 4153 308 4158 —--.-
316 4153 348 4158 η.-

245 4247 255 4284 1
274 4246 343 4313 Peg.
362 4246 413 4300 612
431 4247 477 4300 lin.
495 4246 530 4301 45
548 4248 719 4316 typographi
732 4263 824 4302 errore
840 4255 1016 4316 πυποιημένον
1029 4248 1160 4315 scriptum
1174 4254 1215 4301 est
1228 4265 1278 4316 pro

141 4339 313 4402 πεποιημένον
330 4333 358 4389 in
378 4333 426 4396 ais,
446 4350 517 4401 quae
535 4335 675 4401 pertinent
695 4334 728 4388 ad
743 4334 857 4402 Georgii
869 4333 1055 4388 Ohosrobosci
1068 4334 1130 4388 libri
1144 4352 1160 4388 a
1174 4325 1278 4388 Walzio

141 4418 168 4472 in
188 4420 269 4472 anet.
290 4420 388 4474 Graec.
407 4419 477 4472 VIII
493 4437 558 4488 pag.
577 4419 723 4485 aaa-812,
741 4421 758 4474 9
777 4421 842 4473 editi
861 4422 1054 4489 fragmentum.
1103 4472 1107 4479 .
