3182 5130
307 359 348 420 40
831 351 923 436 [aaa]

307 543 337 630 [ᾖ
362 545 417 628 17]
444 545 549 610 edidit
564 544 800 628 blangelsdcrf,
826 543 1010 624 lectiones),
1042 548 1169 627 praeter
1201 544 1349 626 exempla
1378 547 1444 606 tro-

307 651 408 724 chaei,
432 647 710 734 amphibracheos,
734 648 851 730 chorei,
875 647 1159 731 proceleusmatici,
1182 647 1314 731 paeonis
1331 646 1445 731 quarti,

306 754 401 819 ionici
423 776 442 818 a
466 754 601 836 minora,
624 753 793 836 antispasti
806 753 824 816 ¹.

410 856 522 941 Neque
551 856 645 921 valde
676 856 834 939 discrepat
860 853 1024 939 Anonymi
1053 860 1209 919 tractatus
1240 855 1281 920 de
1309 853 1444 939 pedibus

305 963 443 1026 insertus
475 960 602 1024 scholiis
633 960 671 1023 ad
705 960 943 1042 Hermogenem
973 959 1049 1045 ‘napi
1080 955 1188 1042 idaciv’,
1223 980 1318 1046 quem
1348 957 1447 1022 edidit

307 1065 402 1130 Waln
424 1061 592 1130 ‘Rhetores
623 1063 747 1128 Graeci
770 1065 835 1128 rol.
860 1063 928 1128 VII
950 1084 1022 1148 pag.
1048 1064 1293 1145 98823—989233
1324 1062 1355 1126 in
1386 1061 1448 1124 hcc

306 1169 585 1254 proceleusmatici
608 1173 732 1231 tanturn
757 1174 789 1234 et
812 1169 943 1253 paeonis
971 1169 998 1233 l.
1024 1173 1055 1231 et
1072 1169 1101 1232 2.
1120 1173 1151 1232 et
1173 1166 1266 1231 ionici
1290 1166 1447 1230 aminore

308 1271 456 1355 exempla
481 1271 672 1356 discrepant,
696 1271 752 1336 sed
775 1293 919 1356 paeones
949 1272 1060 1336 tertius
1092 1278 1124 1335 et
1156 1277 1289 1356 quartus
1319 1276 1351 1334 et
1374 1271 1448 1332 cho-

306 1375 447 1440 riambus
473 1375 578 1440 omissi
602 1382 687 1460 aunt,
712 1382 743 1440 et
765 1375 865 1460 pedes
889 1375 1035 1461 disyllabi
1050 1381 1124 1460 post
1139 1374 1319 1460 trisyllabos
1335 1374 1445 1458 legun·

307 1489 368 1546 tur.
414 1479 555 1545 Maxime
571 1479 726 1545 autemid
743 1479 886 1545 mirabile
903 1485 961 1563 est,
985 1478 1070 1564 quod
1086 1478 1193 1543 statim
1208 1480 1343 1543 iteratur
1359 1479 1443 1544 idem

268 1671 270 1675 ι
307 1589 462 1650 tractatus
493 1606 568 1669 pag.
594 1587 834 1667 98924—99016,
860 1585 923 1649 hoc
951 1605 1015 1648 uno
1047 1590 1179 1664 mutato,
1211 1583 1297 1668 qued
1327 1584 1445 1667 pedum

307 1688 592 1774 tetrasyllaborum
617 1695 689 1754 octo
714 1689 822 1754 omissi
845 1695 929 1754 sunt.

411 1792 586 1856 Praeterea
610 1792 756 1857 conferas
773 1792 1119 1876 Pseudo-Moschopuli
1142 1796 1316 1856 tractatum
1331 1790 1371 1856 de
1393 1811 1445 1876 pe-

309 1893 401 1959 dibus
423 1915 498 1980 pag.
519 1896 560 1958 49
583 1916 641 1980 sq,
656 1896 712 1960 ubi
735 1902 842 1960 tamen
866 1896 992 1961 diverso
1018 1896 1129 1961 ordine
1144 1895 1244 1979 pedes
1260 1899 1446 1976 tractantur,

308 2020 413 2084 neque
437 2000 585 2084 exempla
609 2001 713 2065 omnia
738 2001 850 2066 eadem
874 2006 948 2064 sunt
971 2007 1068 2086 atque
1085 1999 1446 2084 Pseudo-Hephaestio-

311 2103 377 2186 nis;
399 2103 773 2188 Pseudo-Moschopulus
795 2110 961 2190 praeterea
983 2105 1015 2168 in
1031 2103 1142 2189 capitis
1166 2103 1256 2169 initio
1280 2103 1320 2168 de
1342 2104 1444 2168 ποδῶν

309 2207 441 2270 nominis
466 2207 588 2292 origine
610 2209 764 2273 nonnulla
788 2209 971 2293 praemittit,
994 2208 1034 2271 ad
1057 2207 1266 2272 Aristotelem
1296 2203 1353 2290 (de
1380 2207 1444 2272 ani-

308 2311 438 2374 malium
473 2312 596 2376 incessu
631 2334 700 2397 cap.
736 2312 770 2394 5)
803 2333 1001 2398 provocans3
1037 2311 1172 2376 eundem
1210 2315 1381 2375 tractatum
1413 2311 1444 2373 in

308 2414 424 2478 codicis
455 2415 572 2481 Veneti
601 2417 755 2481 Marciani
784 2419 873 2482 class.
904 2417 956 2482 XI
990 2421 1002 2480 1
1036 2416 1268 2482 membranacei
1299 2415 1354 2480 fol.
1386 2416 1447 2478 26r

306 2517 388 2582 med.
415 2557 452 2566 —
476 2519 532 2586 fol.
556 2523 620 2585 26*
643 2521 726 2585 med.
758 2523 879 2586 invenit
904 2519 1117 2604 Studemund,
1147 2520 1356 2604 eundemque,
1386 2521 1444 2584 nisi

306 2622 464 2686 memoria
486 2645 537 2688 me
559 2625 649 2704 fallit,
673 2631 802 2690 exstare
836 2626 931 2689 etiam
961 2627 993 2689 in
1016 2626 1144 2690 Veneto
1168 2625 1330 2690 Marciano
1362 2625 1441 2688 class

304 2724 357 2787 XI
382 2728 420 2789 15
443 2727 518 2790 mihi
540 2729 690 2794 narravit.

408 2829 533 2894 Pedum
563 2833 691 2896 nomina
723 2839 755 2898 et
787 2831 932 2918 exempla
966 2833 1137 2896 maximam
1171 2835 1291 2916 partem
1328 2829 1441 2895 eadem

306 2937 401 3017 atque
423 2934 821 3021 Pseudo-Hephaestionis
845 2942 973 3001 exstant
1007 2937 1102 3000 etiam
1132 2938 1164 3000 in
1195 2941 1332 2999 tractatu
1365 2935 1447 2999 Har-

304 3036 409 3099 leiano
430 3058 502 3122 pag.
520 3040 581 3104 317
598 3061 654 3124 sq,
677 3039 735 3120 sed
750 3040 914 3104 schemata
931 3040 1125 3125 syllabarum
1140 3039 1302 3126 disyllabis
1317 3044 1441 3104 tanturn

305 3138 437 3222 pedibus
460 3140 569 3205 addita
592 3149 665 3206 sunt
688 3150 720 3208 et
742 3142 860 3228 pedum
885 3143 962 3208 ordo
986 3143 1128 3208 diversus
1153 3148 1211 3208 est.

409 3241 652 3309 Vetustissimus
675 3247 812 3332 denique
836 3245 876 3310 de
898 3247 1033 3332 pedibus
1059 3253 1213 3313 tractatus
1243 3247 1269 3310 is
1303 3251 1359 3326 est,
1394 3244 1446 3328 qui

304 3345 422 3430 legitur
444 3348 475 3410 in
499 3347 647 3434 Dionysii
663 3350 960 3416 Halicarnassensis
976 3351 1057 3416 libro
1076 3351 1357 3436 decompositione
1378 3369 1445 3412 ver-

305 3450 419 3514 borum
442 3471 468 3516 c.
498 3451 599 3516 XVII
622 3454 689 3532 (ed.
714 3454 866 3520 Schaefer
889 3472 963 3540 pag.
987 3454 1187 3539 als-228),
1209 3454 1266 3520 sed
1290 3454 1329 3517 de
1353 3452 1445 3537 disyl-

305 3552 385 3616 labis
407 3560 532 3620 tantum
556 3563 588 3622 et
604 3559 776 3644 trisyllabis
797 3581 901 3624 sermo
920 3561 956 3624 fit
972 3567 1004 3625 et
1018 3562 1078 3626 alio
1092 3567 1189 3646 atque
1204 3561 1288 3645 apud
1305 3558 1446 3623 Pseudo-

307 3657 584 3743 Hephaestionem
616 3663 727 3726 ordine
756 3663 854 3747 pedes
886 3670 1089 3748 enarrantur,
1120 3663 1248 3728 additae
1279 3666 1445 3747 praeterea

307 3767 381 3825 sunt
416 3761 455 3826 de
489 3765 685 3848 singulorum
719 3767 838 3850 pedum
871 3774 986 3833 natura
1024 3768 1309 3832 commentationes
1344 3764 1446 3851 philo·

307 3865 456 3949 sophicae
483 3873 514 3931 et
536 3868 725 3950 rhetoricae,
748 3890 852 3956 neque
876 3872 1003 3957 singula
1026 3871 1180 3938 voeabula
1203 3869 1321 3956 pedum
1347 3868 1446 3952 expli·

310 3970 488 4034 cationibus
519 3980 555 4036 ut
586 3974 732 4058 exempla
765 3975 991 4058 adiunguntur,
1023 3976 1079 4041 sed
1110 3975 1170 4040 toti
1200 3995 1320 4054 versus,
1350 3971 1445 4036 veluti

307 4073 489 4156 pyrrhichio
519 4076 571 4139 hic
604 4097 728 4142 versus:
761 4075 829 4160 λέγε
858 4076 891 4141 de'
913 4102 950 4143 cv
979 4078 1056 4165 aurei
1084 4078 1167 4142 adda
1195 4074 1327 4161 νεόχυτα
1353 4074 1447 4157 μέλεα

309 4231 516 4242 -ι-ι--

414 4321 501 4372 1Nec
521 4320 603 4386 longe
622 4319 707 4372 distat
735 4324 869 4372 tractatus
893 4321 951 4384 ille,
978 4291 1057 4388 quem
1084 4336 1119 4372 ex
1143 4320 1238 4373 codice
1262 4319 1449 4372 Laurentiano

303 4404 366 4457 LVI
398 4405 429 4459 16
449 4403 534 4458 edldit
552 4405 720 4458 Studamund
739 4406 842 4463 Anecd.
861 4407 930 4460 Var.
948 4406 962 4458 I
980 4423 1042 4474 pag.
1063 4406 1112 4460 167
1131 4423 1170 4475 sq.
