3182 5130
675 385 765 470 [νον]
1101 436 1103 441 .
1246 391 1283 455 21

150 583 221 663 175,
245 579 278 659 5)
303 579 497 666 syllabarum
527 579 656 643 schema
687 598 745 642 suo
778 579 849 642 loco
879 579 1021 643 inserere
1052 580 1180 662 oblitus,
1211 591 1286 665 post

146 679 272 764 ’ἴαμβοξ
292 683 370 747 item
393 688 489 766 atque
515 679 893 765 Pseudo-Hephaestion
924 688 956 746 et
986 681 1053 746 sine
1082 682 1178 746 dubio
1210 684 1286 749 item

147 793 245 871 atqua
268 791 389 866 auctor,
412 806 506 871 quem
531 783 708 869 exscripsit,
731 782 811 848 haec
833 782 941 847 addit:
968 781 1030 847 dno*
1049 781 1177 869 Ἰοίμβης
1206 783 1288 863 τινὸς

149 886 296 972 γυναικός,
319 890 424 972 στίχον
447 889 479 964 ἐξ
501 885 621 970 ἰάμβων
643 907 670 953 e.
695 909 724 971 q.
747 909 772 952 s.
795 887 836 951 ad
860 885 992 951 verbum
1020 909 1092 952 cum
1114 888 1132 971 ἓ
1157 887 1188 954 1¹³
1213 911 1287 955 con·

147 994 309 1078 gruentia3
345 999 413 1057 tum
448 991 574 1056 demum
609 991 755 1056 meminit
792 989 961 1056 schematis
1000 992 1107 1056 omissi
1144 1000 1177 1058 et
1214 1001 1288 1078 post

148 1093 280 1182 ‘arcione'
307 1096 412 1160 addit:
436 1095 586 1178 odysseam
608 1094 640 1158 aa*
661 1091 696 1158 ἐκ
716 1097 863 1180 βραχείας
885 1095 935 1159 καὶ
956 1101 1086 1176 μακροῖς.

252 1199 366 1288 Neque
389 1199 490 1282 magis
513 1197 663 1263 credibile
687 1206 734 1262 est
760 1199 792 1262 in
822 1198 910 1262 libris
942 1199 1158 1283 antiquiorum
1190 1201 1288 1284 scrip·

147 1309 253 1368 torum
277 1303 362 1367 huno
384 1309 556 1368 tractatum
579 1303 748 1385 exstitisse,
773 1323 843 1370 cum
865 1323 971 1388 nequa
987 1303 1020 1366 in
1035 1302 1287 1388 Hephaestionis

146 1405 332 1472 Enchiridio
352 1411 463 1493 'neque
486 1409 518 1471 in
541 1407 670 1471 scholiis
694 1407 734 1470 ad
758 1405 836 1470 illud
858 1407 1042 1490 conscriptis
1072 1427 1178 1491 neque
1201 1405 1287 1492 apud

147 1511 318 1594 scriptores
342 1511 381 1574 de
401 1532 434 1575 re
451 1511 586 1576 metrica·
595 1510 727 1575 Latinos
750 1511 815 1595 ulla
839 1511 907 1574 eius
931 1509 1066 1595 vestigia
1081 1509 1287 1593 reperiamus.

147 1612 285 1678 Videtur
317 1613 415 1698 igitur
446 1614 623 1698 posteriore
656 1613 782 1698 quidem
815 1620 959 1698 tempore
991 1611 1047 1678 sed
1079 1618 1153 1677 ante
1185 1612 1289 1678 Isaaci

148 1722 288 1781 aetatem
311 1716 350 1780 ab
377 1716 505 1781 homine
530 1717 666 1802 quodam
689 1715 784 1781 docto
808 1724 840 1780 et
863 1715 1086 1802 philosophiae
1109 1722 1141 1780 et
1167 1717 1289 1780 mathe-

149 1821 280 1885 maticos
302 1821 389 1884 hand
412 1820 559 1907 imperito
584 1821 781 1906 conscriptus
804 1841 885 1886 esse.
931 1820 995 1886 Sed
1018 1821 1166 1904 quisnam
1192 1819 1289 1884 fuerit

148 1924 202 1988 ille
226 1923 319 1988 homo
344 1933 379 1988 ut
401 1925 629 2009 perspicerem,
659 1924 777 1988 frustra
809 1925 922 1988 enixus
945 1945 1026 1989 sum.
1073 1923 1220 2008 Cogitavi
1249 1923 1289 1987 de

149 2026 330 2090 Pediasimo
353 2026 408 2089 illo
431 2026 585 2090 librorum
606 2026 799 2090 musicorum
817 2031 849 2091 et
862 2025 1131 2110 geometricorum
1146 2030 1289 2106 auctore,

148 2130 345 2216 Iustinianae
367 2129 489 2214 primae
513 2137 545 2194 et
568 2121 742 2213 Bulgariae
764 2129 935 2213 tabulario,
958 2129 1012 2213 qui
1028 2129 1086 2193 sub
1103 2127 1287 2193 Andronico

150 2233 212 2299 ΙΙΙ.
236 2232 433 2317 Palaeologo
452 2233 698 2315 (1328-1341)
722 2255 760 2298 eo
784 2255 914 2298 munere
936 2232 1065 2298 functus
1089 2251 1158 2297 esse
1175 2230 1289 2295 dicitur

150 2335 248 2417 (conf.
277 2335 438 2400 Friedlein
470 2336 527 2400 ‘die
560 2336 742 2401 Geometrie
776 2337 831 2401 des
861 2335 1060 2400 Pediasimns
1089 2334 1290 2419 [Programm

150 2439 206 2504 der
230 2439 482 2505 Studienanstalt
505 2437 780 2522 Anabach1866]'
802 2461 875 2524 pag.
891 2438 938 2523 4),
962 2437 1111 2524 quoniam
1130 2436 1162 2501 in
1177 2435 1288 2502 codiee

149 2543 181 2608 R
205 2544 285 2607 haec
306 2541 687 2627 Pseudo-Hephaestioni
708 2541 920 2626 praecedunt:

358 2695 565 2780 Λιοργάνωσις
587 2695 714 2781 ἀκριβής
736 2702 841 2762 ποδοῖν
865 2695 998 2762 Πόθοντ
1023 2733 1065 2742 -

360 2801 565 2884 Διοργοίνωσις
588 2803 651 2865 τῶν
673 2799 889 2886 μετρουμένων
911 2804 1029 2865 rodda:
1050 2837 1090 2848 -

151 2957 296 3031 Quorum
318 2956 534 3022 trimetrornm
558 2957 767 3021 iambicorum
788 2957 895 3040 priore
925 2955 1097 3039 significari
1127 2955 1292 3020 celeberri-

150 3081 238 3125 mum
260 3058 391 3125 Ioannis
414 3059 587 3124 Pediasimi
611 3081 749 3140 carmen,
774 3059 861 3144 quod
883 3061 980 3143 vulgo
1005 3059 1187 3124 inscribitur
1217 3058 1292 3141 ‘napi

150 3162 289 3246 γυναικός
311 3152 406 3246 κακῆς
428 3165 478 3226 καὶ
500 3162 627 3246 ἀγαθῆς
642 3163 709 3227 sive
725 3159 845 3239 Hddog’
860 3161 1018 3227 intellexit
1032 3163 1096 3226 iam
1115 3163 1162 3226 vir
1179 3160 1292 3227 doctus

151 3267 259 3331 nescio
284 3267 363 3352 quia,
386 3267 440 3351 qui
462 3267 591 3332 saeculo
615 3266 682 3331 fere
704 3265 806 3330 XVII
828 3266 860 3329 in
883 3265 1000 3330 codicis
1022 3264 1054 3330 R
1081 3264 1158 3330 folio
1189 3265 1290 3349 primo

152 3368 194 3432 ad
216 3369 351 3434 indicem
374 3391 494 3450 eorum,
519 3391 602 3454 quac
618 3369 727 3433 codice
743 3369 774 3432 R
790 3369 1003 3448 continentur,
1017 3367 1097 3433 haec
1113 3367 1292 3452 adscripsit:

152 3470 266 3537 ’πόθου
289 3472 419 3538 Ioannis
441 3470 647 3538 Pediasimit’
691 3471 735 3536 Et
760 3472 904 3556 profecto
935 3471 1127 3555 paragraphi
1150 3468 1293 3535 Pseudo·

153 3575 466 3661 Hephaestioneael
485 3577 619 3641 materia
635 3577 858 3640 mathematica
875 3575 996 3660 optime
1009 3575 1160 3640 convenit
1174 3573 1293 3638 homini

152 3678 386 3744 mathematicis
409 3678 522 3744 studiis
546 3679 665 3761 dedito,
690 3680 744 3764 qui
765 3679 861 3744 libros
878 3685 910 3744 et
925 3679 1061 3744 musicos
1076 3683 1108 3744 et
1123 3677 1294 3763 geometri·

154 3804 207 3848 cos
229 3783 402 3867 scripserit.
447 3783 598 3849 Attamen
622 3785 649 3848 si
671 3783 840 3848 recesseris
856 3804 875 3847 a
891 3782 1081 3868 quibusdam
1099 3783 1176 3846 artis
1198 3801 1294 3846 voca-

155 3886 237 3950 bulis
254 3885 470 3966 sollemnibus,
485 3907 648 3971 perpauca
664 3894 739 3951 sunt
752 3887 785 3950 in
800 3887 947 3970 genuinis
963 3884 1134 3951 Pediasimi
1159 3884 1294 3967 scriptia,

154 4010 236 4074 quae
258 3988 654 4075 Pseudo-Hephaestionis
679 3989 805 4055 dicendi
826 3990 937 4074 generi
953 3987 1187 4074 respondeant:
1211 3985 1293 4050 conf.

153 4091 326 4159 Pediasim.
351 4090 391 4158 de
413 4095 591 4179 geometria
613 4095 699 4180 (pag.
724 4095 773 4174 13,
800 4095 835 4156 11
861 4091 911 4157 ed.
935 4090 1095 4174 Hanow):
1124 4090 1174 4153 καὶ
1198 4086 1295 4172 ἐχρῆν

153 4193 210 4274 μὲν
240 4193 391 4280 πρότερον
422 4193 482 4259 α’πό
514 4201 570 4258 τοῦ
599 4193 750 4278 τριγώνου
782 4194 974 4274 ποιήσασθαι
1005 4191 1063 4272 τήν
1089 4187 1194 4276 οἷρχὴν
1222 4210 1294 4255 cum

154 4287 397 4382 Pseud-Heph.
418 4299 499 4381 §1·:
531 4295 593 4362 ἔδει
616 4298 647 4362 δὲ
668 4305 729 4362 πᾶν
750 4295 786 4362 τὸ
809 4304 871 4362 τῶν
892 4299 995 4360 ποδοῖν
1017 4293 1179 4381 ἄθροισμα
1190 4339 1294 4361 ......

155 4398 422 4486 ἐγκολπώσοσθαι.
467 4402 605 4487 Reliqua
627 4408 735 4465 autem
751 4401 897 4488 plurima,
920 4400 1021 4465 veluti
1041 4420 1091 4482 ea,
1117 4398 1232 4483 quibus
1254 4395 1296 4461 ad
