3182 5130
313 359 353 427 α
833 355 925 450 [200]

310 575 391 639 quae
412 555 444 618 in
469 575 507 618 eo
532 559 647 638 exstat,
664 553 1057 639 Pseudo-Hephaestionis
1075 557 1230 639 particula
1253 557 1382 642 insignis
1399 569 1451 626 est

310 660 481 722 verborum
503 665 655 724 contextu
679 659 776 744 paulo
799 657 927 722 liberius
944 659 1091 724 formato.
1136 661 1262 726 Primus
1281 665 1450 748 quaternio

310 760 495 826 chartaceus
519 762 640 828 formae
664 767 795 826 octavae
818 783 837 826 a
859 762 973 826 ceteris
994 761 1088 827 huius
1104 763 1270 830 voluminis
1287 767 1449 832 codicibus

310 865 527 948 segregandus
550 871 606 929 est.
646 864 798 929 Continet
812 865 864 929 hic
879 866 1045 949 quaternio
1062 866 1093 929 in
1109 866 1185 932 folio
1207 871 1215 928 1
1250 869 1447 952 diagramma

309 969 502 1054 paragraphi
524 967 953 1052 Pseudo-Hephaestionem
971 971 1019 1050 1⁸3
1042 971 1074 1032 in
1098 968 1176 1034 folio
1199 973 1231 1034 1*
1253 971 1348 1036 haec:
1375 975 1447 1036 σκό-

309 1099 356 1136 πει
379 1068 414 1135 οδ
418 1099 433 1135 ν
456 1070 471 1136 ὁ
494 1069 684 1157 φιλομαθής,
706 1071 772 1134 δίαν
785 1068 852 1155 τὴν
868 1069 1032 1155 ἑρμηνείαν
1046 1070 1185 1157 κέκτηται
1201 1073 1235 1137 τδ
1252 1072 1445 1160 διοίγραμμα.

308 1171 347 1238 τοὶ
368 1175 426 1256 μὲν
448 1173 626 1258 τετράγωνοι
652 1185 683 1248 [i
711 1173 766 1252 τοίς
788 1173 954 1256 λεγομένας
975 1174 1083 1260 χῶρας
1111 1179 1303 1261 σημαίνουσι.
1348 1176 1387 1242 τὰ
1413 1181 1446 1244 δὲ

309 1275 395 1354 ἒντδς
416 1277 545 1362 τούτων,
566 1275 736 1362 η’μικύκλια,
761 1299 801 1356 υ,
823 1285 887 1342 τῶν
909 1281 1010 1343 ποδῶν
1031 1279 1087 1358 τοὶς
1107 1281 1258 1365 βραχείας
1285 1280 1446 1362 συλλαβὰς.

309 1381 340 1443 αἱ
363 1379 398 1444 δὲ
418 1378 482 1444 κατ’
507 1377 633 1445 εὐθεῖαν
658 1383 801 1464 γραμμαί
821 1419 874 1458 -,
897 1379 951 1458 τοίς
972 1379 1099 1465 μακρὰς.
1124 1379 1219 1448 οἶσθα
1242 1383 1274 1447 δὲ
1296 1383 1392 1468 δήπου
1413 1389 1446 1450 ἒν

309 1489 377 1560 ταῖς
399 1484 578 1571 προσωδίαις
602 1483 640 1548 τοί
664 1483 810 1568 σχήματα
830 1491 892 1549 τῶν
908 1486 1053 1550 τοιούτων
1067 1485 1244 1570 σημαντικοέ.
1268 1484 1307 1551 τοί
1320 1489 1377 1569 μὲν
1392 1485 1446 1553 οὖν

308 1585 389 1668 με’σα
411 1585 543 1668 τέσσαρα
561 1586 737 1670 τετριίγιυνιι
761 1597 792 1660 U
811 1598 842 1661 []
862 1597 893 1661 I]
912 1597 943 1660 Π
966 1586 1036 1666 roric
1051 1591 1247 1674 δισυλλάβους
1261 1591 1359 1669 πόδας
1373 1592 1446 1657 αἰπο-

309 1690 506 1773 λοιμβοίνουσι.
540 1689 595 1754 τόν
618 1717 651 1754 τε
674 1693 830 1776 πυρρίχιον
853 1687 919 1756 οἷον
941 1692 1029 1774 λόγος
1050 1732 1109 1770 ou,
1134 1692 1187 1758 τδν
1208 1699 1365 1759 σπονδεῖον
1384 1707 1445 1764 etc.

309 1795 364 1878 (=
377 1794 554 1879 Ps.·Heph.
571 1793 589 1876 ξ
607 1793 663 1874 1·).
691 1794 1084 1878 Pseudo-Hephaestionis
1100 1796 1301 1883 paragrapho
1319 1801 1338 1862 2
1355 1821 1444 1884 prac-

309 1899 426 1968 cedunt
437 1899 516 1963 haec
526 1900 639 1963 verba:
650 1895 709 1984 ὅρα
718 1895 761 1962 ἔτι
772 1896 959 1985 σαφέστερον
969 1904 1035 1980 περὶ
1046 1903 1146 1964 ποδῶν
1155 1904 1204 1965 καὶ
1215 1900 1349 1988 μέτρονν.
1369 1902 1445 1987 Ipsa

309 2003 411 2086 §2sic
420 2003 530 2088 incipit
540 2027 546 2067 :
557 1999 647 2079 Ποδς
658 2005 724 2067 ἐστὶ
731 2009 887 2088 μετρικῶν
899 2003 1042 2087 σύστημα
1054 2011 1224 2086 συλλαβῶν·
1236 2003 1252 2068 c‘
1262 2007 1318 2085 μὲν
1329 2005 1444 2085 οἱπλοιῖς

309 2104 343 2172 ἐκ
355 2103 441 2187 rideri
460 2114 561 2190 τριῶν,
577 2103 596 2170 δ
610 2109 643 2170 δε
658 2106 730 2189 (sic)
747 2104 899 2183 σύνθετος
914 2110 946 2171 ἐκ
968 2107 1123 2192 τεσσάρων
1142 2105 1163 2193 ἢ
1183 2108 1272 2173 πέντε
1297 2106 1315 2192 ἢ
1338 2111 1377 2186 ἓξ.
1396 2114 1445 2175 καὶ

309 2209 418 2288 ἄλλως.
434 2211 511 2288 ποτίς
520 2214 584 2276 ε’στι
595 2209 738 2286 σύνθεσις
748 2213 910 2294 συλλαβῶν
918 2211 1004 2276 ποιόν
1017 2238 1050 2276 τε
1062 2215 1111 2276 καί
1123 2211 1218 2277 ποσόν
1230 2219 1288 2278 etc.
1305 2215 1445 2281 Pseudo·

309 2314 558 2401 Hephaestionis
581 2315 598 2397 ἓ
621 2318 640 2378 6
663 2316 708 2379 εἰσ
730 2315 854 2400 incipit:
877 2317 947 2399 περὶ
971 2317 1114 2398 ἰαμβικοῢ
1134 2314 1248 2402 μέτρου
1272 2316 1362 2382 πάλιν
1391 2344 1444 2383 σα·

309 2419 458 2506 φὲστερον
471 2417 537 2504 ὅροι.
562 2417 596 2485 τὸ
612 2418 754 2501 ἰαμβικδν
766 2418 885 2504 μέτρου
899 2417 1070 2505 ἓξοίμετρίν
1084 2422 1156 2483 ἐστι.
1176 2424 1330 2503 διαιρεῖται
1347 2421 1378 2485 δὲ
1401 2423 1444 2498 εἰς

308 2524 392 2610 μέρη
417 2525 480 2589 δυό.
526 2527 573 2588 καί
596 2519 631 2588 τδ
653 2521 830 2603 privaricari
851 2529 985 2587 καλεῖται
1008 2521 1138 2603 κωμικόν
1160 2549 1193 2587 τε
1215 2527 1263 2588 καί
1290 2522 1442 2608 τραγικὸν.

310 2625 334 2694 ὦ
359 2633 407 2694 καί
430 2633 494 2693 τῶν
516 2631 651 2690 παλαιῶν
673 2624 701 2688 οἱ
724 2627 828 2689 πολλοὶ
851 2624 1079 2711 κατεχρήσαντο
1101 2633 1161 2691 etc.
1201 2627 1353 2692 Eiusdem
1369 2627 1386 2710 ᾗ
1403 2630 1439 2691 11

310 2735 355 2801 sic
376 2733 504 2818 incipit:
528 2728 584 2815 ὅρα
607 2733 678 2816 περὶ
701 2733 878 2794 δακτυλικοδ
899 2729 1012 2812 μίτρου
1035 2729 1233 2816 σαφέστερον.
1276 2731 1310 2795 vd
1335 2735 1445 2796 δακτυ-

309 2837 391 2904 λικδν
411 2836 527 2924 μέτρον
549 2833 643 2913 πόδας
665 2833 833 2918 ἐπιδίχετοιι
856 2833 910 2898 δύο
930 2833 1028 2900 ariade
1058 2861 1093 2899 τε
1124 2833 1177 2899 τδν
1205 2834 1353 2899 δάκτυλον
1380 2830 1445 2899 οἷον

310 2943 447 3028 σήμερον
469 2943 596 3020 καὶτοῦ
619 2938 768 3004 δακτύλου
791 2937 850 3018 την
880 2938 1059 3023 συναίρεσιν.
1105 2935 1182 3020 λίγἰο
1209 2935 1246 3022 δὴ
1274 2937 1329 3002 τδν
1355 2963 1444 3004 σπον-

310 3049 389 3112 δεῖον
411 3041 475 3110 οἷον
497 3042 567 3121 αἴας
590 3049 640 3109 eto
694 3041 824 3122 Earum,
847 3063 929 3127 quae
952 3051 1119 3128 praeterea
1140 3041 1172 3104 in
1193 3042 1253 3107 hoc
1274 3043 1382 3108 codice
1399 3045 1446 3108 in-

309 3156 393 3232 sunt,
415 3147 689 3236 paragraphorum
712 3146 752 3210 de
775 3153 877 3211 metro
900 3147 1052 3229 elegiace,
1077 3145 1117 3210 de
1139 3167 1257 3211 novem
1277 3147 1338 3212 illis
1363 3168 1444 3232 quae

309 3256 459 3321 dicuntur
482 3252 547 3335 εἴδη
571 3247 888 3335 στίχων(ἰσόχρονος,
918 3247 1051 3334 λαγαρός
1073 3248 1166 3333 eta),
1193 3250 1233 3314 de
1260 3258 1443 3336 poematum

309 3365 343 3424 et
365 3364 536 3442 poctarum
559 3354 713 3419 divisione
733 3360 804 3437 etc,
827 3353 916 3418 initia.
930 3353 1127 3419 Studemund
1143 3359 1275 3438 propter
1290 3356 1443 3440 temporis

308 3462 472 3546 angustias
496 3480 559 3524 non
575 3459 754 3542 exscripsit,
773 3478 831 3523 nec
854 3458 955 3542 magis
979 3458 1151 3538 adnotavit,
1176 3479 1239 3543 quc
1263 3479 1301 3522 ea
1316 3459 1445 3523 metrica

308 3565 508 3651 pertineant,
540 3583 622 3649 quae
649 3567 774 3648 praeter
797 3561 1194 3646 Pseudo-Hephaestionis
1218 3562 1389 3646 particulas
1410 3563 1443 3625 in

307 3668 362 3732 illc
387 3668 595 3753 quaternione
620 3666 734 3730 codicis
757 3666 960 3730 Ambrosiani
975 3672 1105 3730 exstant
1128 3665 1231 3747 (soih
1251 3663 1354 3731 denuc
1371 3686 1446 3730 enu-

309 3777 474 3838 merantur
507 3768 605 3854 pedes
635 3769 779 3852 metrici3
811 3774 986 3854 sequuntur
1016 3775 1137 3852 metra,
1167 3769 1281 3853 quibus
1312 3768 1447 3852 insignia

308 3883 383 3940 sunt
405 3869 640 3958 ἐγκωμιολομκοί
663 3880 724 3938 etc.
748 3872 836 3956 eta).

412 3979 487 4044 VII.
521 3977 653 4043 Codices
677 3999 793 4044 unam
816 3974 1090 4064 paragraphum
1115 3977 1130 4040 1
1157 3976 1374 4043 continentes:

414 4090 441 4149 1.
485 4081 518 4147 V
546 4112 589 4136 =
618 4083 806 4148 Venetus
829 4080 1067 4147 Marcianus
1099 4081 1190 4147 class.
1214 4081 1272 4145 XI
1301 4080 1370 4145 cod.
1400 4081 1445 4144 14

309 4189 571 4256 membranaceus
589 4189 710 4254 formae
724 4194 857 4252 octavae
871 4206 952 4251 saec.
966 4184 1031 4249 XV
1043 4183 1265 4249 miscellaneus
1283 4204 1353 4248 cum
1366 4184 1447 4248 alia¹

412 4330 422 4366 ¹
441 4331 474 4383 In
492 4329 535 4384 his
554 4327 691 4380 Eustathii
710 4326 745 4379 de
763 4325 910 4393 Hysmiues
929 4329 957 4377 et
969 4323 1131 4390 Hysminiae
1151 4323 1288 4375 amoribus
1299 4321 1383 4373 libros
1396 4321 1446 4388 XI,

311 4417 390 4472 initio
409 4415 521 4470 mutilos
547 4413 625 4482 (inde
645 4429 661 4466 a
682 4429 746 4482 pag.
767 4412 825 4479 163,
851 4411 883 4465 ta
902 4411 944 4464 ed.
963 4409 1087 4464 Hercher
1104 4428 1139 4454 =
1151 4425 1221 4477 pag.
1239 4407 1264 4474 5,
1289 4405 1305 4461 δ
1323 4421 1383 4478 sqq.
1402 4409 1446 4464 ed.
