3182 5130
663 382 752 472 [199]
1233 385 1273 450 13

139 590 317 676 (Desinunt
340 586 373 651 hi
402 551 558 650 tractatus
587 581 643 646 fol.
670 582 745 644 321r
773 580 833 643 sic:
865 578 976 661 γίνιται
1007 576 1042 642 δὲ
1067 604 1086 663 η
1119 580 1276 664 συνίζηοις

138 695 180 774 ὠς
202 694 332 781 εἴρηται,
356 687 531 777 φωνήεντος
553 682 781 769 ἐπιφερομένου,
804 679 904 746 οὐκέτι
927 683 959 746 δὲ
982 680 1173 768 συμφώνου).
1257 771 1259 776 Ι

244 801 273 863 5.
317 793 436 860 Nescio
473 789 613 874 denique
652 808 694 852 an
733 787 845 852 eodem
880 785 1066 852 referendus
1101 788 1142 853 sit
1172 787 1277 851 codex

140 898 377 970 Matritensis
410 897 450 958 95
483 893 669 956 chartaceus
701 889 736 953 4⁰
768 889 967 954 Constantini
998 890 1146 954 Lascaris
1180 911 1277 954 manu

140 1010 303 1073 exaratus.
338 998 488 1063 Continet
503 1001 586 1059 teste
602 993 716 1057 Iriarte
732 994 768 1070 tl.
784 1013 810 1058 c.
823 1014 897 1078 pag.
911 994 1004 1072 380):
1019 992 1072 1058 fol.
1091 994 1276 1058 rsa-202:

138 1104 439 1193 Ηφαιστίωνος
469 1101 684 1183 γραμματικοῦ
712 1097 891 1179 ἐγχειρίδιον
921 1098 990 1177 περὶ
1022 1095 1163 1182 μέτρων,
1196 1097 1275 1164 inc:

138 1213 178 1277 Εἰ
208 1209 372 1290 μέλλοιμεν
404 1205 544 1284 ἐμμελῶς
578 1201 627 1262 καὶ
663 1195 831 1281 εὐρύθμως
864 1197 917 1262 ada
953 1205 1010 1264 τοῦ
1048 1199 1115 1276 vods
1148 1195 1277 1281 dyptica

137 1314 172 1395 ὃς
194 1316 276 1383 ἐστιν
307 1307 324 1372 ό
356 1303 538 1390 προφορικός
570 1301 678 1385 λόγος,
712 1302 795 1368 des:
825 1302 910 1366 ποιόν
937 1302 973 1367 d'c'
1001 1306 1065 1368 ἐστι
1091 1329 1128 1368 το
1160 1302 1275 1384 μικτόν·

138 1415 174 1482 τό
196 1418 230 1480 ἐκ
252 1409 405 1496 ιὶιαφόρων
420 1409 510 1472 εἰδῶν
530 1405 729 1488 συγκείμενον.
775 1404 875 1470 Addit
891 1403 1006 1472 Iriarte
1028 1409 1048 1472 l.
1067 1428 1110 1473 c.:
1133 1403 1173 1472 ‘Is
1196 1407 1277 1473 liber

140 1520 250 1586 codice
277 1515 340 1580 XL
370 1514 464 1578 etiam
494 1505 681 1575 continetur'
709 1506 808 1592 (conf.
839 1530 937 1594 supra
966 1531 1041 1596 pag.
1067 1515 1084 1575 i
1109 1508 1183 1595 sq.>,
1213 1509 1277 1576 ‘sed

141 1621 248 1688 multis
261 1619 340 1683 iocis
354 1616 499 1680 diversus
510 1663 518 1678 .
530 1663 557 1679 ..
574 1613 682 1676 Alium
704 1613 748 1676 ibi
769 1613 899 1678 huiusce
923 1615 1028 1698 operis
1048 1614 1144 1678 finem
1158 1613 1277 1678 indica·

139 1726 252 1804 vimus,
278 1722 340 1786 rati
370 1717 560 1804 opusculum
583 1717 731 1801 proxime
752 1736 899 1800 sequens,
915 1710 983 1780 Ἔτι
1004 1719 1072 1799 περὶ
1093 1715 1214 1798 μέτρων
1232 1717 1277 1782 in·

140 1829 294 1911 scriptum
323 1821 399 1907 (inc.
429 1820 482 1885 fol.
512 1821 565 1885 63¹
596 1816 684 1902 ini),
719 1818 759 1882 ad
791 1819 1067 1904 Hephaestionem
1100 1821 1277 1906 pertinere3

141 1930 220 1996 iilud
243 1949 331 2010 vero,
354 1927 434 1991 satis
457 1923 585 2008 quidem
609 1923 779 2007 prolixum,
809 1923 934 2008 incipit:
968 1922 1027 1987 Δεῖ
1050 1921 1205 2005 γινώσκειν
1232 1921 1278 1988 ὅτι

140 2032 175 2098 cd
197 2027 329 2116 ἡρωϊκὸν
351 2027 462 2110 μέτρον
485 2023 504 2090 ὃ
524 2026 574 2088 καὶ
597 2023 772 2090 coarctanda
794 2025 948 2103 καλεῖται,
971 2024 1102 2090 desinit:
1128 2029 1198 2112 περὶ
1220 2027 1279 2107 μὲν

141 2133 196 2201 οὖν
224 2140 282 2199 roa?
306 2129 421 2216 μέτρου
451 2130 500 2192 καὶ
530 2133 594 2192 τῶν
623 2127 703 2191 card
734 2124 790 2205 τὰς
822 2127 974 2210 συλλαβάς
1004 2134 1117 2193 παθῶν
1148 2128 1278 2214 εἴρηται.

143 2240 315 2306 Caeterum
336 2236 432 2301 tinem
454 2232 623 2319 utrobique
645 2239 767 2297 certum
790 2238 933 2298 statuere
955 2233 1048 2298 nobis
1070 2232 1158 2297 haud
1182 2233 1280 2313 licuit,

142 2345 261 2430 quippe
284 2339 399 2426 quibus
428 2338 551 2402 nullum
579 2336 674 2401 huius
703 2336 902 2421 grammatici
931 2337 1094 2421 exemplar
1125 2358 1278 2402 excusum

141 2447 251 2512 videre
268 2442 448 2528 contigerit.
479 2441 549 2505 Iam
567 2461 643 2506 vero
659 2439 692 2504 id
702 2438 905 2506 Enchiridion
919 2441 1064 2525 plurimis
1079 2439 1279 2506 Constantini

141 2551 287 2618 Lcscaris
303 2549 372 2613 sive
388 2545 596 2627 interscriptis
613 2544 679 2609 sive
696 2543 864 2628 adscriptis
881 2545 965 2609 notis
981 2550 1013 2609 et
1030 2544 1279 2612 animadversio-

140 2657 243 2737 nibus,
266 2659 334 2717 tum
351 2651 429 2715 alias
451 2649 618 2728 adiunctis,
640 2649 721 2713 alias
742 2648 893 2714 subiectis
916 2650 1044 2715 scholiis
1066 2651 1279 2735 auctariisque

139 2750 336 2822 illustratur.'
386 2753 569 2818 Interiectis
599 2752 684 2816 foliis
716 2773 817 2838 prope
848 2752 972 2819 duobus
995 2755 1103 2819 vacuis
1134 2756 1278 2839 sequitur

142 2862 211 2944 (fol.
235 2857 315 2942 205)
338 2857 603 2942 Harpocrationis
633 2854 793 2940 συναγωγὴ
827 2863 890 2922 τῶν
911 2857 1059 2942 ιίνθηρῶν
1089 2855 1197 2933 λέξεων
1218 2862 1281 2922 τῶν

141 2963 216 3029 diac
238 2961 388 3047 ῥητόρων.
432 2959 476 3024 Et
497 2961 558 3026 hoc
582 2961 691 3026 codice
707 2968 740 3024 et
755 2960 865 3027 codice
881 2961 942 3026 XL
957 2962 1112 3027 contineri
1134 2961 1279 3028 Pseudo·

141 3066 391 3152 Hephaestionis
426 3066 663 3150 paragraphum
696 3066 711 3127 1
748 3066 880 3130 conicio.
934 3065 1028 3140 Quod
1063 3071 1169 3130 cutem
1203 3063 1280 3133 dicit

141 3171 274 3252 Iriarte,
303 3168 419 3235 codicis
450 3167 545 3233 XCV
573 3173 744 3233 tractatum
775 3170 884 3234 multis
915 3169 994 3235 locis
1027 3191 1047 3235 a
1078 3169 1185 3236 codice
1218 3169 1280 3234 XL

142 3274 304 3339 diversum
335 3291 420 3350 esse,
450 3271 481 3334 id
505 3271 658 3356 suspicari
684 3272 757 3337 licet
787 3271 827 3335 ad
852 3294 905 3339 eas
927 3277 1053 3337 tantum
1075 3272 1280 3339 referendum

143 3398 215 3443 csse
237 3377 403 3459 congeries
425 3376 584 3458 metricas,
609 3396 689 3460 quae
712 3377 745 3439 in
760 3383 900 3462 utroque
916 3377 1025 3442 codice
1040 3378 1242 3463 paragrapho
1263 3381 1278 3442 l

147 3479 336 3546 subiunctas
370 3477 520 3544 uidentur
554 3498 640 3557 esse3
673 3478 731 3543 has
767 3479 852 3546 enim
884 3480 989 3545 varias
1022 3501 1091 3546 esse
1121 3481 1155 3544 in
1187 3481 1283 3546 variis

147 3582 310 3650 codicibus
326 3583 443 3647 docent
465 3580 592 3648 codices
612 3581 791 3647 Vaticanus
816 3585 854 3647 15
879 3590 912 3646 at
936 3583 1020 3646 1126
1044 3588 1077 3647 et
1095 3583 1282 3649 Mutinensis

142 3687 179 3751 II
201 3686 272 3751 1⁴¹4
303 3693 336 3751 et
364 3686 546 3752 Marcianus
568 3687 620 3752 XI
644 3689 695 3771 14,
727 3687 842 3772 quibus
875 3687 1023 3754 omnibus
1055 3687 1284 3754 Pseudo-He·

145 3788 343 3875 phaestionis
358 3788 408 3871 §1
430 3795 497 3854 tota
520 3791 709 3872 continetur,
731 3789 786 3855 sed
808 3789 923 3858 additis
940 3792 1129 3858 tractatibus
1144 3792 1282 3860 metricis

146 3896 179 3958 in
201 3892 348 3958 omnibus
371 3891 515 3958 diversis.

246 3991 305 4060 VI.
342 3993 454 4058 Codex
476 3996 732 4082 paragraphi
751 3998 765 4060 1
791 4002 950 4082 partem
965 4003 1089 4063 tantum
1106 3998 1283 4083 continens,

146 4098 204 4166 sed
227 4099 501 4184 sequentibus
523 4100 806 4184 paragraphis
830 4103 974 4185 2-11,
997 4109 1047 4168 est

250 4202 551 4267 Ambrosianus
566 4202 588 4268 J
603 4205 675 4267 224
691 4203 758 4270 ord.
774 4204 838 4289 int,
855 4226 949 4290 quem
964 4205 1164 4271 Studcmund
1181 4206 1283 4273 obiter

143 4306 282 4392 inspexit
297 4307 488 4372 aun01864.
514 4305 648 4372 Constat
662 4307 689 4372 is
705 4306 809 4373 codex
820 4330 861 4373 ex
878 4310 1094 4394 compluribus
1109 4310 1283 4376 minoribus

145 4408 306 4478 codicibus
338 4409 513 4498 bibliopegi
535 4430 635 4496 opera
656 4411 689 4476 in
720 4432 818 4476 unum
850 4433 965 4503 corpus
996 4414 1181 4480 coniunctis.
1225 4411 1283 4500 Ea,
