3182 5130
672 387 759 470 [195]
973 341 975 346 ’
1266 390 1284 452 4

148 587 325 665 sequuntur
336 576 409 643 inde
421 598 441 641 a
451 577 504 642 fol.
517 579 570 641 44τ
581 599 681 662 usque
695 577 733 641 ad
747 576 800 641 fol.
812 581 875 659 453
890 577 994 662 qualia
1007 577 1079 658 sint,
1094 597 1285 660 cognoscere

141 705 212 748 non
234 683 341 767 potui,
372 703 444 747 cum
474 682 554 748 haec
581 681 764 746 Gallandus
790 702 851 746 non
879 681 1101 765 descripserit;
1133 700 1171 744 ea
1201 681 1286 744 enim

149 786 266 874 verba,
295 786 328 848 in
358 805 439 869 quae
467 784 518 849 hic
547 790 702 849 tractatus
731 790 813 849 teste
844 782 958 848 Iriarte
988 782 1075 866 (1.4.
1106 804 1180 868 pag.
1206 783 1284 866 145)
1368 835 1372 842 .

148 890 228 954 exit:
252 887 347 971 ἓρμης
369 889 400 952 δὲ
423 887 531 973 ψυχᾶς
553 889 655 972 κοίλης
678 887 749 972 νηός
768 888 936 962 ἐξεκαλεῖτο
958 888 1053 969 (41;
1078 885 1192 953 Hom:
1214 893 1285 950 κυλ-

149 991 279 1076 λήνιος),
303 993 388 1076 apud
412 993 550 1077 reliquos
575 991 615 1056 de
637 1013 673 1056 re
695 991 827 1055 metrica
849 992 1019 1075 scriptores
1042 1011 1104 1056 non
1126 991 1287 1074 leguntur.

149 1133 189 1144 -
212 1096 364 1181 Sequitur
386 1096 440 1160 fol.
464 1098 517 1159 46‘
540 1095 739 1160 Constantini
763 1095 910 1159 Lasoaris
937 1093 977 1157 ad
1009 1093 1182 1180 discipulos
1212 1113 1286 1157 suos

147 1200 252 1264 brevis
276 1199 433 1284 quaedam
457 1199 602 1283 epistula,
633 1200 683 1262 cui
706 1201 856 1264 continuo
886 1199 1048 1263 subiectus
1081 1206 1128 1262 444
1159 1196 1287 1262 libellus

152 1305 231 1388 Περὶ
253 1303 377 1384 τρόπων
398 1306 447 1366 καὶ
471 1299 646 1386 σχημάτων
670 1308 841 1386 ποιητικῶν.

250 1405 314 1471 ΠΙ.
349 1401 494 1481 Codices,
518 1407 571 1489 qui
593 1427 696 1489 para
706 1407 894 1491 graphos
921 1407 1036 1469 1-44
1064 1404 1243 1469 continent:

254 1514 281 1574 1.
314 1509 404 1572 T==
429 1507 696 1574 Mutinensis
729 1507 782 1573 III
809 1509 837 1573 B
869 1513 909 1572 11
944 1507 1132 1572 chartaceus
1164 1507 1287 1570 miscel·
1389 1563 1390 1566 ,

148 1614 260 1679 laneus
295 1635 377 1680 saec.
409 1614 475 1679 XV
507 1636 578 1678 cum
610 1615 693 1679 alia1
726 1615 865 1678 continet
896 1613 991 1692 (coni.
1024 1609 1223 1676 Studcmuud
1255 1611 1287 1674 in

148 1718 253 1782 annal.
276 1719 385 1802 philol.
409 1741 438 1784 a.
464 1721 555 1785 1867.
574 1739 648 1802 pag.
673 1718 749 1800 613)
786 1725 854 1782 tum
884 1714 1286 1802 Pseudo-Hephaestionis
1361 1748 1363 1754 s

147 1821 365 1905 paragraphus
398 1824 504 1886 1-44
537 1822 599 1885 hoc
632 1823 727 1898 titulo
761 1821 946 1904 insignitos:
982 1817 1184 1903 ἡφαιστίωνος
1219 1819 1289 1902 περὶ

114 1947 127 1962 ·
148 1921 277 2004 μέτρων.
307 1923 387 1988 Oum
405 1924 507 1988 codex
524 1924 560 2004 T,
576 1924 665 1989 cuius
687 1930 794 1988 textus
813 1925 956 2008 proxime
972 1922 1097 1987 accedit
1113 1920 1154 1986 ad
1171 1919 1287 1985 codicis

148 2027 175 2090 P
208 2026 377 2109 lectiones,
411 2028 585 2092 innumeris
619 2027 742 2091 mendis
776 2027 958 2112 inquinatus
992 2026 1049 2107 sit,
1085 2022 1288 2089 Studemund

149 2130 324 2214 scripturae
346 2131 590 2215 discrepantiam
606 2154 647 2194 ex
662 2130 690 2193 T
706 2153 769 2195 non
788 2131 930 2195 enotavit
945 2129 1004 2194 nisi
1021 2129 1061 2193 ad
1078 2127 1286 2213 plurimarum

150 2257 190 2300 ex
212 2235 254 2299 44
277 2235 339 2298 illis
361 2233 761 2318 Pseudo-Hephaestionis
784 2233 995 2319 paragraphis
1017 2233 1105 2296 initia
1128 2237 1159 2295 et
1175 2231 1287 2298 exitus.

149 2337 244 2402 Hanc
268 2339 444 2423 scripturae
467 2333 713 2421 discrepantiam
738 2358 797 2422 ego
816 2337 843 2400 T
865 2339 973 2403 littera
990 2358 1066 2400 usus
1081 2336 1111 2399 in
1129 2340 1287 2420 apparatu

149 2441 257 2504 critico
281 2440 443 2526 adscripsi.
482 2435 1235 2526 Pseudo-Hephaestionisparagraphos1-44
1255 2439 1286 2502 in

148 2543 176 2606 T
199 2550 373 2628 sequuntur
396 2546 510 2610 breves
533 2545 663 2628 regulae
686 2546 808 2610 metrici
830 2544 1012 2628 argumenti
1035 2550 1066 2608 et
1082 2543 1287 2628 Pythagorae

146 2653 251 2732 χρυσᾶ
272 2644 340 2730 ἔπη.

252 2750 349 2816 Praet
336 2759 423 2816 terea
446 2751 646 2817 Studemund
671 2753 757 2817 hunc
780 2752 856 2817 mihi
887 2751 1038 2816 indicavit
1060 2749 1212 2816 Pseudo·
1220 2749 1287 2815 He·

149 2853 348 2937 phaestionis
372 2854 521 2938 codicem,
546 2877 640 2940 quem
662 2856 731 2939 ipso
754 2876 816 2920 non
839 2855 937 2921 vidit:

252 2959 281 3021 2.
317 2955 396 3021 Ocd.
413 2957 550 3022 XVIII
574 2961 618 3022 67
643 2957 701 3020 F
692 2979 724 3020 m
749 2955 940 3023 bibliotheca
963 2958 1197 3042 Lugduno·
1185 2957 1288 3021 ··Ba

147 3061 247 3124 4444
277 3059 365 3142 (olim
391 3061 705 3143 Meermaunianus)‚
738 3061 918 3145 descriptus
941 3061 1005 3124 sub
1034 3082 1120 3126 num.
1153 3062 1214 3124 104
1246 3060 1287 3123 ab

147 3163 267 3227 Iacobo
283 3163 389 3229 Geel
380 3185 411 3227 m
428 3161 591 3249 ‘Oatalogo
608 3165 763 3230 librorum
778 3185 865 3247 mss,
886 3185 942 3249 qur
932 3163 1030 3228 inde
1046 3163 1087 3228 ab
1103 3184 1186 3227 anno
1205 3163 1284 3227 1741
1338 3189 1342 3199 ·

147 3266 361 3333 bibliothecae
384 3267 716 3352 Lugdunc-Batavao
750 3264 962 3334 accesserunt
992 3267 1158 3352 (Lugduni
1191 3261 1288 3330 Bata-

148 3391 264 3435 vorum
298 3370 410 3452 1852),
440 3372 627 3437 chartaceus
657 3371 875 3437 miscellaneae
908 3392 991 3437 anno
1024 3373 1105 3436 1573
1137 3370 1287 3454 scriptus3

149 3474 291 3538 eontinet
324 3473 379 3538 fol.
415 3477 566 3539 57¹--85‘
599 3481 674 3559 post
710 3475 950 3559 inscriptionem
988 3471 1184 3558 ήφαιστίονος
1217 3473 1288 3555 περὶ

147 3574 264 3659 μέτρου
290 3576 700 3661 Pseudo-Hephaestionis
722 3579 941 3664 paragraphos
967 3580 1082 3643 1-44,

252 3677 310 3743 IV.
346 3679 469 3765 Codex,
493 3704 556 3767 qno
581 3681 620 3764 ἓξ
643 3683 791 3748 28-45
816 3689 981 3747 tanturn
1006 3683 1214 3763 continentur,
1239 3687 1287 3747 est

252 3781 280 3845 n
314 3811 357 3836 ==
390 3784 621 3849 Parisinus
658 3787 793 3870 suppl.
828 3806 950 3870 graec.
987 3789 1056 3852 543
1100 3786 1288 3850 chartaceus

148 3887 268 3951 saeculi
293 3885 429 3968 XVIII,
460 3888 499 3952 de
531 3910 594 3973 quo
625 3889 706 3954 conf.
737 3889 913 3954 Henricum
946 3890 1065 3955 Omont
1097 3886 1288 3954 ‘Inventaire

253 4077 313 4129 1Ι4
330 4076 373 4128 his
392 4081 433 4130 est
450 4077 577 4146 Dionysii
597 4078 672 4130 orbis
692 4075 840 4145 descriptio
865 4095 925 4130 cum
949 4079 1112 4145 paraphrasi
1136 4078 1191 4143 illa,
1217 4093 1287 4146 quae

149 4162 178 4214 in
197 4161 289 4214 Caroli
307 4163 434 4215 Muelleri
453 4163 624 4230 Geographis
643 4164 758 4216 Graecis
777 4163 929 4217 Minoribus
955 4165 1009 4216 vol.
1028 4163 1057 4216 11
1075 4179 1139 4231 pag.
1157 4161 1209 4217 409
1228 4179 1287 4232 sqq.

149 4247 252 4313 legitur
277 4245 343 4310 (inc.
372 4246 452 4302 Toln
432 4253 489 4320 περὶ
514 4246 561 4316 τὴν
584 4250 672 4320 yrias
722 4247 876 4320 τόνμέγαν
905 4249 973 4304 πάντ
958 4248 1023 4314 τον).
1065 4248 1175 4301 Aeliani
1202 4248 1288 4301 Varia

148 4332 302 4386 Historia'
294 4347 324 4384 m
342 4332 363 4384 T
382 4332 481 4399 incipit
499 4349 516 4384 4
533 4333 626 4386 verbis
645 4357 680 4400 φα
665 4273 710 4386 arla
695 4356 816 4406 αεταγγς
810 4333 918 4406 *appla
937 4349 1009 4400 quae
1027 4333 1121 4387 nescio
1141 4350 1176 4387 an
1195 4334 1288 4401 aliquo
1443 4363 1447 4372 ·

149 4418 229 4472 modo
248 4421 374 4488 spectent
393 4418 427 4471 ad
446 4419 552 4474 helian.
571 4422 586 4473 I
604 4436 627 4474 c.
645 4418 672 4472 2.
