3182 5130
684 340 773 426 [νον]
1260 345 1299 410 ra

160 538 177 620 ἓ
202 537 233 604 lb
256 536 396 602 initium:
425 530 493 620 ὥρα
520 535 555 599 nt
576 538 625 598 καὶ
651 541 724 620 περὶ
757 541 820 599 τῶν
848 531 1008 616 ὀνομάτων
1040 534 1159 601 τούτων
1188 537 1298 616 ainaim

159 642 176 725 §
200 645 232 705 1Ιι
255 639 359 706 σκόπει
389 640 420 704 δὲ
450 642 499 702 καὶ
530 638 639 725 ἑτέραν
668 637 734 702 τινὰ
768 639 1007 724 γλαφυρότητα,
1034 640 1163 722 similia3
1193 662 1297 724 neque

159 748 261 829 magis
285 745 426 808 invenies
450 745 482 808 in
507 745 683 829 posteriore
709 745 871 828 congeriei
893 752 986 828 parte
1007 745 1104 807 talem
1127 744 1298 808 verborum

158 848 427 912 constructionem
451 847 551 929 qualis
574 853 623 909 est
654 846 750 910 haec:
780 847 807 910 εἰ
828 845 875 926 μή
906 848 1040 910 ἐκαλεῖτο
1071 845 1144 922 πούς
1174 848 1222 909 καί
1252 843 1299 909 διὰ

159 957 248 1015 τοῦτο
271 947 426 1038 ᾐσχύνετο
458 956 672 1033 καινοτομῆσαι
704 949 762 1031 τήν
792 949 893 1035 φύσιν,
925 949 993 1033 τάχ’
1026 946 1063 1012 ἂν
1092 950 1168 1030 μίαν
1198 949 1299 1032 μόνην

159 1051 313 1134 συλλαβήν
336 1051 501 1136 ἐπεφέρετο
527 1051 560 1134 (ξ
587 1053 631 1133 l‘)
663 1054 715 1116 vel
743 1053 839 1118 haec:
871 1051 1041 1137 περαιτέρω
1072 1053 1102 1116 δὲ
1133 1058 1299 1137 προελθεῖν

158 1155 322 1232 ἀδύνατον,
346 1152 423 1219 ὥστε
448 1158 496 1218 καὶ
521 1154 571 1218 lari
588 1162 679 1219 τοῦτο
703 1154 749 1238 εἴη
772 1152 810 1218 o'iv
832 1153 868 1219 τό
882 1154 927 1238 μή
943 1162 1107 1237 προελθεῖν
1122 1158 1163 1232 εἰς
1178 1155 1298 1231 πλείους

158 1259 212 1323 τόν
235 1258 315 1322 πόδα
339 1259 492 1341 συλλαβάς
517 1257 640 1342 (ibid.);
674 1260 772 1323 multo
804 1261 887 1323 enirn
917 1261 1052 1324 ieiunius
1084 1260 1184 1323 oratio
1213 1279 1298 1321 com-

157 1366 263 1447 posita
287 1369 335 1426 est
350 1363 388 1425 >in
414 1362 449 1444 ἐξ
472 1365 588 1427 2-45.

262 1465 456 1531 Gravissima
487 1465 623 1550 denique
653 1489 750 1531 cauea
782 1489 820 1530 ea
853 1474 911 1549 est,
944 1468 1029 1553 quod
1062 1469 1152 1533 multi
1183 1467 1298 1553 quibus

158 1569 175 1651 ξ
200 1571 213 1630 1
240 1569 357 1633 tradita
382 1553 429 1633 est
453 1571 578 1634 codices
602 1571 738 1655 reliquas
763 1573 982 1657 paragraphos
1005 1578 1060 1635 aut
1076 1573 1227 1636 omittunt
1242 1576 1298 1633 aut

157 1693 215 1756 pro
238 1673 276 1736 iis
300 1672 424 1737 addunt
446 1673 542 1756 plane
565 1673 643 1738 alias
667 1676 834 1757 congeries
856 1675 1013 1738 metricas.

261 1775 353 1850 Quae
376 1796 446 1838 curn
470 1776 515 1839 ita
538 1778 610 1860 sint,
634 1798 804 1860 segregare
832 1779 899 1841 sine
933 1777 1030 1842 dubio
1060 1777 1297 1861 paragraphum

157 1880 290 1962 primam
314 1899 332 1941 a
349 1878 385 1959 ἕξ
401 1881 506 1942 2-45
525 1885 669 1964 oportet3
693 1879 912 1965 paragraphus
928 1889 1033 1944 autern
1050 1883 1166 1963 2-45,
1188 1902 1297 1964 quam·

157 2002 253 2065 quam
277 2003 341 2046 uon
365 2003 424 2066 pro
449 1983 541 2046 unius
565 1983 700 2047 hominis
724 1984 809 2047 docti
832 2005 929 2069 opere
953 1984 1082 2048 consilio
1113 1991 1144 2046 et
1173 1985 1296 2047 ratione

155 2087 299 2171 perfecto
325 2087 494 2152 habendae
511 2096 593 2166 sunt,
617 2089 673 2152 sed
690 2109 707 2152 e
723 2088 941 2154 diversissimis
957 2089 1122 2175 elementis
1142 2095 1295 2166 constant,

156 2199 277 2272 tamen,
301 2193 448 2274 quoniam
473 2193 505 2255 in
528 2193 649 2276 aliquot
673 2192 831 2258 codicibus
856 2194 1052 2258 consociatae
1076 2199 1149 2256 sunt
1165 2200 1196 2255 et
1212 2193 1295 2256 simi-

155 2295 217 2357 lem
243 2297 408 2360 continent
431 2296 607 2377 materiam,
637 2303 796 2381 tamquam
825 2298 957 2360 alteram
986 2296 1059 2360 libri
1083 2296 1296 2360 Pseudo-He-

155 2399 359 2482 phaestionei
382 2407 506 2484 partem
530 2401 626 2485 priori
650 2420 813 2484 opponere
836 2401 940 2464 liceat.

504 2865 562 2946 llll
589 2865 738 2947 PARTE
767 2863 941 2946 palona.

259 3124 321 3199 Qui
355 3148 428 3190 cum
457 3127 555 3190 totius
585 3128 778 3212 paragraphi
804 3131 817 3190 l
851 3132 1039 3211 argumento
1066 3132 1097 3189 et
1121 3125 1291 3190 verborum

153 3227 254 3291 forma
271 3237 420 3294 accurate
437 3233 630 3295 consentiret
646 3231 761 3294 librum
778 3231 897 3293 editum
914 3231 1021 3293 inveni
1038 3230 1170 3294 nullum.
1200 3229 1289 3293 Vnus

153 3330 283 3395 Isaacus
300 3333 477 3398 Monachus
500 3341 532 3398 ct
548 3334 742 3418 diagramma
760 3333 1158 3416 Pseudo-Hephaestionis
1174 3334 1291 3416 repetit

152 3441 185 3497 et
216 3437 390 3500 sententias
423 3439 489 3501 eius
522 3458 584 3501 non
619 3438 710 3500 nimis
743 3436 935 3500 dissimiliter
969 3449 1137 3520 expressas
1171 3442 1289 3501 servat.

152 3537 440 3604 Pseudo-Draconi
457 3542 551 3618 enirn,
576 3549 700 3624 praeter
715 3541 950 3624 paragraphum
972 3538 1011 3620 lb,
1035 3560 1098 3623 qua
1115 3540 1153 3602 de
1170 3539 1288 3624 pedum

151 3641 332 3706 nominibus
356 3644 471 3726 agitur,
497 3665 565 3707 cum
590 3641 648 3706 hac
665 3643 770 3728 priore
785 3643 856 3705 libri
872 3649 963 3726 parte
979 3663 1042 3704 una
1057 3643 1112 3705 illa
1131 3643 1291 3706 sententia

152 3748 329 3810 communis
353 3754 411 3824 est,
434 3747 550 3831 pedem
573 3748 645 3810 ideo
669 3749 824 3811 minorem
848 3746 971 3810 duabus
995 3744 1126 3831 syllabis
1143 3767 1288 3810 essenon

151 3869 256 3930 posse,
280 3850 366 3933 quod
390 3850 562 3914 humanum
586 3872 701 3935 corpus
725 3850 848 3922 duobus
869 3850 1004 3934 pedihus
1021 3852 1174 3914 innitatur
1191 3848 1288 3929 (conf.

151 3951 328 4036 Ps.-Hcph.
353 3951 370 4036 ξ
395 3956 427 4016 1⁶
442 3955 538 4034 init).
584 3955 705 4018 Tamen
732 3989 766 3998 κ
793 3953 872 4016 levis
895 3962 931 4017 ut
954 3953 996 4016 sit
1012 3952 1218 4036 congruentia
1234 3953 1289 4016 illa

152 4091 193 4100 —-
229 4055 387 4122 Draconis
423 4057 464 4123 de
496 4059 604 4122 metris
637 4059 764 4120 libellus
803 4059 942 4121 omnium
982 4063 1108 4140 praeter
1141 4057 1289 4119 Isaacum

152 4159 290 4222 maxime
314 4162 472 4224 consentit
496 4183 567 4226 curn
598 4161 798 4246 paragrapho
822 4159 1228 4244 Pseudo-Hephaestionca
1253 4163 1288 4241 l;

152 4282 255 4346 neque
279 4265 426 4347 cuiquam
450 4265 482 4328 id
513 4266 628 4328 mirum
659 4265 819 4327 ridebitur
849 4266 1002 4327 memoria
1032 4266 1163 4336 tenenti,
1194 4285 1288 4347 quam

151 4372 221 4429 arta
244 4366 325 4430 inter
347 4389 380 4430 se
398 4369 587 4452 cognatione
608 4368 801 4431 cohaereant
816 4369 918 4430 Isaaci
944 4374 976 4431 ct
991 4368 1288 4432 Pseudo-Draconis

1152 4471 1186 4524 2*
