<?xml version="1.0" encoding="UTF-8"?>
<!DOCTYPE html PUBLIC "-//W3C//DTD XHTML 1.0 Transitional//EN"
    "http://www.w3.org/TR/xhtml1/DTD/xhtml1-transitional.dtd">
<html xmlns="http://www.w3.org/1999/xhtml" xml:lang="en" lang="en">
 <head>
  <title>
</title>
<meta http-equiv="Content-Type" content="text/html;charset=utf-8" />
  <meta name='ocr-system' content='tesseract 3.04.00' />
  <meta name='ocr-capabilities' content='ocr_page ocr_carea ocr_par ocr_line ocrx_word'/>
</head>
<body>
  <div class='ocr_page' id='page_1' title='image "./pseudohephaesti00jacogoog_0009.png"; bbox 0 0 3182 5130; ppageno 0'>
   <div class='ocr_carea' id='block_1_1' title="bbox 285 265 895 430">
    <p class='ocr_par' dir='ltr' id='par_1_1' title="bbox 285 265 895 430">
     <span class='ocr_line' id='line_1_1' title="bbox 285 265 895 430; baseline -0.003 -16"><span class='ocrx_word' id='word_1_1' title='bbox 285 351 305 414; x_wconf 86' lang='lat'>4</span> <span class='ocrx_word' id='word_1_2' title='bbox 553 265 555 268; x_wconf 16' lang='grc' dir='ltr'>Ι</span> <span class='ocrx_word' id='word_1_3' title='bbox 684 405 686 410; x_wconf 90' lang='grc'>.</span> <span class='ocrx_word' id='word_1_4' title='bbox 805 339 895 430; x_wconf 77' lang='lat' dir='ltr'><strong>[rso]</strong></span> 
     </span>
    </p>
   </div>
   <div class='ocr_carea' id='block_1_2' title="bbox 285 534 1430 4207">
    <p class='ocr_par' dir='ltr' id='par_1_2' title="bbox 285 534 1423 778">
     <span class='ocr_line' id='line_1_2' title="bbox 285 534 1423 606; baseline 0.001 -14"><span class='ocrx_word' id='word_1_5' title='bbox 285 540 436 605; x_wconf 80' lang='lat' dir='ltr'><strong>Georgii</strong></span> <span class='ocrx_word' id='word_1_6' title='bbox 455 534 702 591; x_wconf 82' lang='lat' dir='ltr'><strong>therobcsei</strong></span> <span class='ocrx_word' id='word_1_7' title='bbox 729 537 860 603; x_wconf 80' lang='lat' dir='ltr'><strong>Exegesis</strong></span> <span class='ocrx_word' id='word_1_8' title='bbox 885 537 912 588; x_wconf 91' lang='lat' dir='ltr'><strong>in</strong></span> <span class='ocrx_word' id='word_1_9' title='bbox 933 537 1146 606; x_wconf 79' lang='lat' dir='ltr'>Hephaestionis</span> <span class='ocrx_word' id='word_1_10' title='bbox 1166 535 1355 606; x_wconf 79' lang='lat' dir='ltr'><strong>Euchiridion,</strong></span> <span class='ocrx_word' id='word_1_11' title='bbox 1379 537 1423 594; x_wconf 87' lang='lat' dir='ltr'><strong>ed.</strong></span> 
     </span>
     <span class='ocr_line' id='line_1_3' title="bbox 388 621 1423 679; baseline 0 -3"><span class='ocrx_word' id='word_1_12' title='bbox 388 625 540 677; x_wconf 81' lang='lat' dir='ltr'>Guilelmus</span> <span class='ocrx_word' id='word_1_13' title='bbox 559 623 794 675; x_wconf 85' lang='lat' dir='ltr'><strong>Hosrschelmann</strong></span> <span class='ocrx_word' id='word_1_14' title='bbox 812 623 842 673; x_wconf 89' lang='lat' dir='ltr'><strong>in</strong></span> <span class='ocrx_word' id='word_1_15' title='bbox 860 621 1040 676; x_wconf 85' lang='lat' dir='ltr'><strong>Studemnndi</strong></span> <span class='ocrx_word' id='word_1_16' title='bbox 1059 623 1266 676; x_wconf 90' lang='lat' dir='ltr'><strong>Anecdotorum</strong></span> <span class='ocrx_word' id='word_1_17' title='bbox 1278 624 1423 679; x_wconf 84' lang='lat' dir='ltr'><strong>Variornm</strong></span> 
     </span>
     <span class='ocr_line' id='line_1_4' title="bbox 389 707 683 778; baseline -0.003 -16"><span class='ocrx_word' id='word_1_18' title='bbox 389 710 441 762; x_wconf 80' lang='lat' dir='ltr'><strong>vol.</strong></span> <span class='ocrx_word' id='word_1_19' title='bbox 459 709 474 761; x_wconf 95' lang='lat' dir='ltr'>I</span> <span class='ocrx_word' id='word_1_20' title='bbox 491 724 555 778; x_wconf 84' lang='lat' dir='ltr'><strong>pag.</strong></span> <span class='ocrx_word' id='word_1_21' title='bbox 572 707 683 763; x_wconf 83' lang='grc'>81-96.</span> 
     </span>
    </p>

    <p class='ocr_par' dir='ltr' id='par_1_3' title="bbox 285 791 1423 1208">
     <span class='ocr_line' id='line_1_5' title="bbox 285 791 1422 862; baseline 0.001 -15"><span class='ocrx_word' id='word_1_22' title='bbox 285 796 413 848; x_wconf 79' lang='lat' dir='ltr'><strong>Heliae</strong></span> <span class='ocrx_word' id='word_1_23' title='bbox 438 793 603 847; x_wconf 85' lang='lat' dir='ltr'><strong>Monachi</strong></span> <span class='ocrx_word' id='word_1_24' title='bbox 629 794 701 846; x_wconf 90' lang='lat' dir='ltr'><strong>liber</strong></span> <span class='ocrx_word' id='word_1_25' title='bbox 727 791 761 846; x_wconf 88' lang='lat' dir='ltr'><strong>de</strong></span> <span class='ocrx_word' id='word_1_26' title='bbox 779 794 873 846; x_wconf 88' lang='lat' dir='ltr'><strong>metris</strong></span> <span class='ocrx_word' id='word_1_27' title='bbox 893 810 952 847; x_wconf 89' lang='lat' dir='ltr'><strong>cum</strong></span> <span class='ocrx_word' id='word_1_28' title='bbox 977 792 1186 862; x_wconf 86' lang='lat' dir='ltr'><strong>appendicibus,</strong></span> <span class='ocrx_word' id='word_1_29' title='bbox 1213 797 1254 848; x_wconf 88' lang='lat' dir='ltr'><strong>ed.</strong></span> <span class='ocrx_word' id='word_1_30' title='bbox 1274 797 1422 851; x_wconf 78' lang='lat' dir='ltr'><strong>Guilelmus</strong></span> 
     </span>
     <span class='ocr_line' id='line_1_6' title="bbox 387 878 1340 949; baseline 0.002 -15"><span class='ocrx_word' id='word_1_31' title='bbox 387 879 555 935; x_wconf 88' lang='lat' dir='ltr'><strong>Studemund</strong></span> <span class='ocrx_word' id='word_1_32' title='bbox 573 880 601 932; x_wconf 91' lang='lat' dir='ltr'><strong>in</strong></span> <span class='ocrx_word' id='word_1_33' title='bbox 619 878 823 932; x_wconf 87' lang='lat' dir='ltr'><strong>Auecdctorum</strong></span> <span class='ocrx_word' id='word_1_34' title='bbox 841 879 988 932; x_wconf 85' lang='lat' dir='ltr'><strong>Vari&#39;orum</strong></span> <span class='ocrx_word' id='word_1_35' title='bbox 1008 881 1061 932; x_wconf 85' lang='lat' dir='ltr'><strong>vol.</strong></span> <span class='ocrx_word' id='word_1_36' title='bbox 1081 881 1095 932; x_wconf 93' lang='grc' dir='ltr'>Ι</span> <span class='ocrx_word' id='word_1_37' title='bbox 1113 896 1176 949; x_wconf 81' lang='lat' dir='ltr'><strong>pag.</strong></span> <span class='ocrx_word' id='word_1_38' title='bbox 1196 880 1340 936; x_wconf 80' lang='grc'>167-184.</span> 
     </span>
     <span class='ocr_line' id='line_1_7' title="bbox 285 963 1420 1040; baseline 0.002 -22"><span class='ocrx_word' id='word_1_39' title='bbox 285 965 573 1034; x_wconf 78' lang='lat' dir='ltr'><strong>Hephaestionis</strong></span> <span class='ocrx_word' id='word_1_40' title='bbox 592 964 764 1017; x_wconf 77' lang='lat' dir='ltr'><strong>enchiridion</strong></span> <span class='ocrx_word' id='word_1_41' title='bbox 791 965 825 1018; x_wconf 91' lang='lat' dir='ltr'><strong>de</strong></span> <span class='ocrx_word' id='word_1_42' title='bbox 849 965 951 1031; x_wconf 87' lang='lat' dir='ltr'><strong>metris,</strong></span> <span class='ocrx_word' id='word_1_43' title='bbox 971 963 1022 1040; x_wconf 88' lang='lat' dir='ltr'><strong>ed.</strong></span> <span class='ocrx_word' id='word_1_44' title='bbox 1041 965 1205 1034; x_wconf 89' lang='lat' dir='ltr'><strong>Rudclphus</strong></span> <span class='ocrx_word' id='word_1_45' title='bbox 1224 969 1368 1036; x_wconf 86' lang='lat' dir='ltr'><strong>Westphal</strong></span> <span class='ocrx_word' id='word_1_46' title='bbox 1393 970 1420 1020; x_wconf 92' lang='lat' dir='ltr'><strong>in</strong></span> 
     </span>
     <span class='ocr_line' id='line_1_8' title="bbox 388 1051 1421 1120; baseline 0 -14"><span class='ocrx_word' id='word_1_47' title='bbox 388 1053 559 1119; x_wconf 79' lang='lat' dir='ltr'><strong>Scriptorum</strong></span> <span class='ocrx_word' id='word_1_48' title='bbox 578 1051 757 1104; x_wconf 79' lang='lat' dir='ltr'><strong>histricorum</strong></span> <span class='ocrx_word' id='word_1_49' title='bbox 776 1053 944 1105; x_wconf 90' lang='lat' dir='ltr'><strong>Graecorum</strong></span> <span class='ocrx_word' id='word_1_50' title='bbox 966 1053 1020 1104; x_wconf 84' lang='lat' dir='ltr'><strong>vol.</strong></span> <span class='ocrx_word' id='word_1_51' title='bbox 1039 1051 1062 1117; x_wconf 87' lang='grc' dir='ltr'><strong>Ι,</strong></span> <span class='ocrx_word' id='word_1_52' title='bbox 1080 1052 1190 1120; x_wconf 78' lang='lat' dir='ltr'><strong>Lipsiae</strong></span> <span class='ocrx_word' id='word_1_53' title='bbox 1210 1051 1278 1106; x_wconf 88' lang='grc'>1866</span> <span class='ocrx_word' id='word_1_54' title='bbox 1303 1053 1347 1120; x_wconf 92' lang='lat'><strong>(=</strong></span> <span class='ocrx_word' id='word_1_55' title='bbox 1364 1053 1421 1106; x_wconf 87' lang='lat' dir='ltr'><strong>Ha·</strong></span> 
     </span>
     <span class='ocr_line' id='line_1_9' title="bbox 388 1137 1423 1208; baseline -0.002 -16"><span class='ocrx_word' id='word_1_56' title='bbox 388 1139 560 1208; x_wconf 86' lang='lat' dir='ltr'><strong>phaestionic</strong></span> <span class='ocrx_word' id='word_1_57' title='bbox 573 1137 757 1192; x_wconf 79' lang='lat' dir='ltr'><strong>Alexandrini</strong></span> <span class='ocrx_word' id='word_1_58' title='bbox 771 1138 960 1201; x_wconf 74' lang='lat' dir='ltr'><strong>Euchiridicn,</strong></span> <span class='ocrx_word' id='word_1_59' title='bbox 979 1139 1079 1191; x_wconf 87' lang='lat' dir='ltr'><strong>iterum</strong></span> <span class='ocrx_word' id='word_1_60' title='bbox 1097 1139 1140 1191; x_wconf 90' lang='lat' dir='ltr'><strong>ed.</strong></span> <span class='ocrx_word' id='word_1_61' title='bbox 1154 1140 1272 1192; x_wconf 81' lang='lat' dir='ltr'><strong>Thomas</strong></span> <span class='ocrx_word' id='word_1_62' title='bbox 1285 1140 1423 1200; x_wconf 79' lang='lat' dir='ltr'><strong>Gaislord,</strong></span> 
     </span>
    </p>

    <p class='ocr_par' dir='ltr' id='par_1_4' title="bbox 390 1223 1234 1292">
     <span class='ocr_line' id='line_1_10' title="bbox 390 1223 1234 1292; baseline -0.006 -13"><span class='ocrx_word' id='word_1_63' title='bbox 390 1227 491 1279; x_wconf 85' lang='lat' dir='ltr'><strong>oxonii</strong></span> <span class='ocrx_word' id='word_1_64' title='bbox 511 1223 598 1289; x_wconf 81' lang='grc'>1856).</span> <span class='ocrx_word' id='word_1_65' title='bbox 1228 1275 1234 1292; x_wconf 60' lang='lat'>‚</span> 
     </span>
    </p>

    <p class='ocr_par' dir='ltr' id='par_1_5' title="bbox 286 1307 1423 1464">
     <span class='ocr_line' id='line_1_11' title="bbox 286 1307 1423 1373; baseline -0.001 -9"><span class='ocrx_word' id='word_1_66' title='bbox 286 1309 655 1364; x_wconf 90' lang='lat' dir='ltr'><strong>Pseudo-Herodiani</strong></span> <span class='ocrx_word' id='word_1_67' title='bbox 682 1312 816 1363; x_wconf 86' lang='lat' dir='ltr'><strong>tractatus</strong></span> <span class='ocrx_word' id='word_1_68' title='bbox 843 1307 879 1362; x_wconf 93' lang='lat' dir='ltr'><strong>de</strong></span> <span class='ocrx_word' id='word_1_69' title='bbox 905 1311 1056 1363; x_wconf 80' lang='lat' dir='ltr'><strong>hexametri</strong></span> <span class='ocrx_word' id='word_1_70' title='bbox 1083 1311 1183 1373; x_wconf 70' lang='lat' dir='ltr'><strong>sidens,</strong></span> <span class='ocrx_word' id='word_1_71' title='bbox 1209 1310 1252 1364; x_wconf 89' lang='lat' dir='ltr'><strong>sd.</strong></span> <span class='ocrx_word' id='word_1_72' title='bbox 1271 1313 1423 1365; x_wconf 86' lang='lat' dir='ltr'><strong>Guilelmus</strong></span> 
     </span>
     <span class='ocr_line' id='line_1_12' title="bbox 389 1394 1342 1464; baseline 0.004 -16"><span class='ocrx_word' id='word_1_73' title='bbox 389 1394 558 1449; x_wconf 85' lang='lat' dir='ltr'><strong>Studemund</strong></span> <span class='ocrx_word' id='word_1_74' title='bbox 577 1398 606 1449; x_wconf 89' lang='lat' dir='ltr'><strong>in</strong></span> <span class='ocrx_word' id='word_1_75' title='bbox 624 1395 826 1447; x_wconf 86' lang='lat' dir='ltr'><strong>Aneodotorum</strong></span> <span class='ocrx_word' id='word_1_76' title='bbox 845 1394 991 1448; x_wconf 81' lang='lat' dir='ltr'><strong>variorum</strong></span> <span class='ocrx_word' id='word_1_77' title='bbox 1010 1398 1063 1449; x_wconf 85' lang='lat' dir='ltr'><strong>vol.</strong></span> <span class='ocrx_word' id='word_1_78' title='bbox 1083 1397 1098 1448; x_wconf 97' lang='grc' dir='ltr'>Ι</span> <span class='ocrx_word' id='word_1_79' title='bbox 1114 1411 1178 1464; x_wconf 78' lang='lat' dir='ltr'><strong>pag.</strong></span> <span class='ocrx_word' id='word_1_80' title='bbox 1198 1395 1342 1452; x_wconf 80' lang='grc'>186-188.</span> 
     </span>
    </p>

    <p class='ocr_par' dir='ltr' id='par_1_6' title="bbox 285 1481 1422 1638">
     <span class='ocr_line' id='line_1_13' title="bbox 285 1481 1422 1547; baseline 0.001 -11"><span class='ocrx_word' id='word_1_81' title='bbox 285 1483 436 1538; x_wconf 88' lang='lat' dir='ltr'><strong>Ioannis</strong></span> <span class='ocrx_word' id='word_1_82' title='bbox 465 1482 685 1536; x_wconf 89' lang='lat' dir='ltr'><strong>Botaniatae</strong></span> <span class='ocrx_word' id='word_1_83' title='bbox 716 1495 826 1534; x_wconf 89' lang='lat' dir='ltr'><strong>carmen</strong></span> <span class='ocrx_word' id='word_1_84' title='bbox 856 1481 890 1534; x_wconf 88' lang='lat' dir='ltr'><strong>de</strong></span> <span class='ocrx_word' id='word_1_85' title='bbox 921 1487 1007 1535; x_wconf 87' lang='lat' dir='ltr'><strong>metro</strong></span> <span class='ocrx_word' id='word_1_86' title='bbox 1038 1483 1172 1547; x_wconf 86' lang='lat' dir='ltr'><strong>iambico,</strong></span> <span class='ocrx_word' id='word_1_87' title='bbox 1202 1481 1246 1536; x_wconf 90' lang='lat' dir='ltr'><strong>sd.</strong></span> <span class='ocrx_word' id='word_1_88' title='bbox 1274 1485 1422 1537; x_wconf 80' lang='lat' dir='ltr'><strong>Guilelmus</strong></span> 
     </span>
     <span class='ocr_line' id='line_1_14' title="bbox 389 1565 1335 1638; baseline 0.002 -17"><span class='ocrx_word' id='word_1_89' title='bbox 389 1565 559 1622; x_wconf 83' lang='lat' dir='ltr'><strong>Studemund</strong></span> <span class='ocrx_word' id='word_1_90' title='bbox 577 1567 605 1618; x_wconf 91' lang='lat' dir='ltr'><strong>in</strong></span> <span class='ocrx_word' id='word_1_91' title='bbox 624 1567 829 1620; x_wconf 88' lang='lat' dir='ltr'><strong>Anacdotorum</strong></span> <span class='ocrx_word' id='word_1_92' title='bbox 848 1566 996 1620; x_wconf 86' lang='lat' dir='ltr'><strong>Varicrum</strong></span> <span class='ocrx_word' id='word_1_93' title='bbox 1015 1570 1069 1621; x_wconf 84' lang='lat' dir='ltr'><strong>vol.</strong></span> <span class='ocrx_word' id='word_1_94' title='bbox 1089 1569 1103 1620; x_wconf 95' lang='lat' dir='ltr'>I</span> <span class='ocrx_word' id='word_1_95' title='bbox 1120 1585 1185 1636; x_wconf 81' lang='lat' dir='ltr'><strong>pag.</strong></span> <span class='ocrx_word' id='word_1_96' title='bbox 1206 1568 1256 1623; x_wconf 82' lang='lat'><strong>199</strong></span> <span class='ocrx_word' id='word_1_97' title='bbox 1274 1585 1335 1638; x_wconf 85' lang='lat' dir='ltr'><strong>sqq.</strong></span> 
     </span>
    </p>

    <p class='ocr_par' dir='ltr' id='par_1_7' title="bbox 285 1651 1422 1806">
     <span class='ocr_line' id='line_1_15' title="bbox 285 1651 1422 1720; baseline 0.001 -13"><span class='ocrx_word' id='word_1_98' title='bbox 285 1655 410 1708; x_wconf 89' lang='lat' dir='ltr'><strong>Isaaci</strong></span> <span class='ocrx_word' id='word_1_99' title='bbox 428 1653 594 1707; x_wconf 86' lang='lat' dir='ltr'><strong>Monaehi</strong></span> <span class='ocrx_word' id='word_1_100' title='bbox 621 1652 692 1704; x_wconf 85' lang='lat' dir='ltr'><strong>liber</strong></span> <span class='ocrx_word' id='word_1_101' title='bbox 716 1651 751 1705; x_wconf 93' lang='lat' dir='ltr'><strong>de</strong></span> <span class='ocrx_word' id='word_1_102' title='bbox 769 1653 863 1704; x_wconf 87' lang='lat' dir='ltr'><strong>metris</strong></span> <span class='ocrx_word' id='word_1_103' title='bbox 881 1653 1004 1720; x_wconf 89' lang='lat' dir='ltr'><strong>poeticis,</strong></span> <span class='ocrx_word' id='word_1_104' title='bbox 1031 1654 1073 1706; x_wconf 91' lang='lat' dir='ltr'><strong>ed.</strong></span> <span class='ocrx_word' id='word_1_105' title='bbox 1092 1653 1247 1708; x_wconf 80' lang='lat' dir='ltr'><strong>Ludovieus</strong></span> <span class='ocrx_word' id='word_1_106' title='bbox 1266 1655 1422 1708; x_wconf 88' lang='lat' dir='ltr'><strong>Baohmann</strong></span> 
     </span>
     <span class='ocr_line' id='line_1_16' title="bbox 391 1736 1300 1806; baseline 0.004 -15"><span class='ocrx_word' id='word_1_107' title='bbox 391 1740 419 1791; x_wconf 92' lang='lat' dir='ltr'><strong>in</strong></span> <span class='ocrx_word' id='word_1_108' title='bbox 437 1739 574 1792; x_wconf 90' lang='lat' dir='ltr'><strong>Anecdot.</strong></span> <span class='ocrx_word' id='word_1_109' title='bbox 594 1737 693 1790; x_wconf 88' lang='lat' dir='ltr'><strong>Graec.</strong></span> <span class='ocrx_word' id='word_1_110' title='bbox 712 1738 767 1790; x_wconf 85' lang='lat' dir='ltr'><strong>vol.</strong></span> <span class='ocrx_word' id='word_1_111' title='bbox 786 1738 816 1790; x_wconf 95' lang='grc' dir='ltr'><strong>ΙΙ</strong></span> <span class='ocrx_word' id='word_1_112' title='bbox 835 1736 955 1805; x_wconf 88' lang='lat' dir='ltr'><strong>(Lipsiae</strong></span> <span class='ocrx_word' id='word_1_113' title='bbox 975 1736 1053 1805; x_wconf 89' lang='grc'>1828)</span> <span class='ocrx_word' id='word_1_114' title='bbox 1072 1755 1136 1806; x_wconf 83' lang='lat' dir='ltr'><strong>pag.</strong></span> <span class='ocrx_word' id='word_1_115' title='bbox 1157 1739 1300 1795; x_wconf 83' lang='grc'>167-196.</span> 
     </span>
    </p>

    <p class='ocr_par' dir='ltr' id='par_1_8' title="bbox 288 1822 1424 1979">
     <span class='ocr_line' id='line_1_17' title="bbox 288 1822 1424 1891; baseline 0.004 -15"><span class='ocrx_word' id='word_1_116' title='bbox 288 1825 481 1878; x_wconf 75' lang='lat' dir='ltr'><strong>Michaelis</strong></span> <span class='ocrx_word' id='word_1_117' title='bbox 500 1825 612 1877; x_wconf 86' lang='lat' dir='ltr'><strong>Pselli</strong></span> <span class='ocrx_word' id='word_1_118' title='bbox 631 1838 741 1876; x_wconf 86' lang='lat' dir='ltr'><strong>carmen</strong></span> <span class='ocrx_word' id='word_1_119' title='bbox 764 1822 799 1876; x_wconf 92' lang='lat' dir='ltr'><strong>de</strong></span> <span class='ocrx_word' id='word_1_120' title='bbox 823 1828 911 1877; x_wconf 88' lang='lat' dir='ltr'><strong>metro</strong></span> <span class='ocrx_word' id='word_1_121' title='bbox 935 1825 1061 1891; x_wconf 90' lang='lat' dir='ltr'><strong>iambico,</strong></span> <span class='ocrx_word' id='word_1_122' title='bbox 1087 1826 1130 1878; x_wconf 92' lang='lat' dir='ltr'><strong>ed.</strong></span> <span class='ocrx_word' id='word_1_123' title='bbox 1149 1825 1303 1880; x_wconf 90' lang='lat' dir='ltr'><strong>Guilelmus</strong></span> <span class='ocrx_word' id='word_1_124' title='bbox 1326 1825 1424 1880; x_wconf 90' lang='lat' dir='ltr'><strong>Stude·</strong></span> 
     </span>
     <span class='ocr_line' id='line_1_18' title="bbox 391 1909 1227 1979; baseline 0.004 -18"><span class='ocrx_word' id='word_1_125' title='bbox 391 1910 474 1962; x_wconf 90' lang='lat' dir='ltr'><strong>mund</strong></span> <span class='ocrx_word' id='word_1_126' title='bbox 492 1911 521 1962; x_wconf 91' lang='lat' dir='ltr'><strong>in</strong></span> <span class='ocrx_word' id='word_1_127' title='bbox 540 1911 744 1963; x_wconf 86' lang='lat' dir='ltr'><strong>Aneodotorum</strong></span> <span class='ocrx_word' id='word_1_128' title='bbox 764 1909 910 1962; x_wconf 87' lang='lat' dir='ltr'><strong>Variorum</strong></span> <span class='ocrx_word' id='word_1_129' title='bbox 930 1912 982 1963; x_wconf 82' lang='lat' dir='ltr'><strong>vol.</strong></span> <span class='ocrx_word' id='word_1_130' title='bbox 1002 1911 1017 1962; x_wconf 97' lang='lat' dir='ltr'>I</span> <span class='ocrx_word' id='word_1_131' title='bbox 1034 1927 1098 1978; x_wconf 80' lang='lat' dir='ltr'><strong>pag.</strong></span> <span class='ocrx_word' id='word_1_132' title='bbox 1119 1910 1169 1964; x_wconf 89' lang='grc'><strong>198</strong></span> <span class='ocrx_word' id='word_1_133' title='bbox 1187 1927 1227 1979; x_wconf 91' lang='lat' dir='ltr'><strong>sq.</strong></span> 
     </span>
    </p>

    <p class='ocr_par' dir='ltr' id='par_1_9' title="bbox 289 1994 1425 2232">
     <span class='ocr_line' id='line_1_19' title="bbox 289 1994 1425 2062; baseline 0.002 -16"><span class='ocrx_word' id='word_1_134' title='bbox 289 1994 711 2062; x_wconf 79' lang='lat' dir='ltr'><strong>(Pseudo-&gt;Moschcpuli</strong></span> <span class='ocrx_word' id='word_1_135' title='bbox 730 1998 867 2048; x_wconf 85' lang='lat' dir='ltr'><strong>tractatus</strong></span> <span class='ocrx_word' id='word_1_136' title='bbox 887 1995 920 2047; x_wconf 92' lang='lat' dir='ltr'><strong>de</strong></span> <span class='ocrx_word' id='word_1_137' title='bbox 939 1997 1040 2060; x_wconf 84' lang='lat' dir='ltr'><strong>metris,</strong></span> <span class='ocrx_word' id='word_1_138' title='bbox 1058 1998 1099 2048; x_wconf 91' lang='lat' dir='ltr'><strong>ed.</strong></span> <span class='ocrx_word' id='word_1_139' title='bbox 1118 1997 1282 2050; x_wconf 79' lang='lat' dir='ltr'><strong>Ilranciscus</strong></span> <span class='ocrx_word' id='word_1_140' title='bbox 1294 1997 1425 2050; x_wconf 87' lang='lat' dir='ltr'><strong>Nicolans</strong></span> 
     </span>
     <span class='ocr_line' id='line_1_20' title="bbox 392 2079 1423 2150; baseline 0.002 -18"><span class='ocrx_word' id='word_1_141' title='bbox 392 2081 467 2134; x_wconf 80' lang='lat' dir='ltr'><strong>Titne</strong></span> <span class='ocrx_word' id='word_1_142' title='bbox 485 2081 514 2132; x_wconf 89' lang='lat' dir='ltr'><strong>in</strong></span> <span class='ocrx_word' id='word_1_143' title='bbox 533 2079 686 2147; x_wconf 86' lang='lat' dir='ltr'><strong>„Manuslie</strong></span> <span class='ocrx_word' id='word_1_144' title='bbox 699 2081 869 2146; x_wconf 87' lang='lat' dir='ltr'><strong>Moschopuli</strong></span> <span class='ocrx_word' id='word_1_145' title='bbox 883 2079 1021 2133; x_wconf 79' lang='lat' dir='ltr'><strong>cretensis</strong></span> <span class='ocrx_word' id='word_1_146' title='bbox 1034 2097 1128 2148; x_wconf 89' lang='lat' dir='ltr'><strong>opusc.</strong></span> <span class='ocrx_word' id='word_1_147' title='bbox 1143 2080 1272 2148; x_wconf 81' lang='lat' dir='ltr'><strong>gramm.“</strong></span> <span class='ocrx_word' id='word_1_148' title='bbox 1303 2080 1423 2150; x_wconf 79' lang='lat' dir='ltr'><strong>(Lipsiae</strong></span> 
     </span>
     <span class='ocr_line' id='line_1_21' title="bbox 391 2163 856 2232; baseline -0.002 -14"><span class='ocrx_word' id='word_1_149' title='bbox 391 2171 418 2219; x_wconf 88' lang='lat' dir='ltr'><strong>et</strong></span> <span class='ocrx_word' id='word_1_150' title='bbox 437 2167 546 2232; x_wconf 79' lang='lat' dir='ltr'><strong>Progne</strong></span> <span class='ocrx_word' id='word_1_151' title='bbox 566 2165 644 2231; x_wconf 92' lang='grc'>1822)</span> <span class='ocrx_word' id='word_1_152' title='bbox 663 2181 725 2232; x_wconf 85' lang='lat' dir='ltr'><strong>pag.</strong></span> <span class='ocrx_word' id='word_1_153' title='bbox 744 2163 856 2219; x_wconf 79' lang='lat'><strong>43-50.</strong></span> 
     </span>
    </p>

    <p class='ocr_par' dir='ltr' id='par_1_10' title="bbox 289 2250 1425 2492">
     <span class='ocr_line' id='line_1_22' title="bbox 289 2250 1423 2320; baseline 0.002 -16"><span class='ocrx_word' id='word_1_154' title='bbox 289 2251 674 2317; x_wconf 80' lang='lat' dir='ltr'><strong>(Pseudo-&gt;Plutarchi</strong></span> <span class='ocrx_word' id='word_1_155' title='bbox 693 2250 726 2304; x_wconf 89' lang='lat' dir='ltr'><strong>de</strong></span> <span class='ocrx_word' id='word_1_156' title='bbox 745 2252 840 2304; x_wconf 87' lang='lat' dir='ltr'><strong>metris</strong></span> <span class='ocrx_word' id='word_1_157' title='bbox 858 2251 950 2319; x_wconf 88' lang='lat' dir='ltr'><strong>capita</strong></span> <span class='ocrx_word' id='word_1_158' title='bbox 971 2250 1034 2313; x_wconf 86' lang='lat' dir='ltr'><strong>duo,</strong></span> <span class='ocrx_word' id='word_1_159' title='bbox 1059 2253 1101 2305; x_wconf 91' lang='lat' dir='ltr'><strong>ed.</strong></span> <span class='ocrx_word' id='word_1_160' title='bbox 1119 2252 1220 2305; x_wconf 89' lang='lat' dir='ltr'><strong>Daniel</strong></span> <span class='ocrx_word' id='word_1_161' title='bbox 1240 2252 1423 2320; x_wconf 76' lang='lat' dir='ltr'><strong>wyttenbach</strong></span> 
     </span>
     <span class='ocr_line' id='line_1_23' title="bbox 391 2337 1425 2404; baseline 0.005 -15"><span class='ocrx_word' id='word_1_162' title='bbox 391 2339 419 2390; x_wconf 91' lang='lat' dir='ltr'><strong>in</strong></span> <span class='ocrx_word' id='word_1_163' title='bbox 448 2338 588 2392; x_wconf 83' lang='lat' dir='ltr'><strong>Plutarchi</strong></span> <span class='ocrx_word' id='word_1_164' title='bbox 616 2337 760 2392; x_wconf 87' lang='lat' dir='ltr'><strong>Moralium</strong></span> <span class='ocrx_word' id='word_1_165' title='bbox 787 2338 916 2392; x_wconf 88' lang='lat' dir='ltr'><strong>editionis</strong></span> <span class='ocrx_word' id='word_1_166' title='bbox 944 2338 1110 2392; x_wconf 83' lang='lat' dir='ltr'><strong>oxoniensis</strong></span> <span class='ocrx_word' id='word_1_167' title='bbox 1140 2345 1213 2392; x_wconf 91' lang='lat' dir='ltr'><strong>tomo</strong></span> <span class='ocrx_word' id='word_1_168' title='bbox 1238 2338 1265 2390; x_wconf 86' lang='lat' dir='ltr'><strong>V</strong></span> <span class='ocrx_word' id='word_1_169' title='bbox 1289 2339 1326 2403; x_wconf 87' lang='lat' dir='ltr'><strong>(a.</strong></span> <span class='ocrx_word' id='word_1_170' title='bbox 1346 2337 1425 2404; x_wconf 89' lang='grc'>1800)</span> 
     </span>
     <span class='ocr_line' id='line_1_24' title="bbox 390 2423 654 2492; baseline 0.008 -17"><span class='ocrx_word' id='word_1_171' title='bbox 390 2440 454 2492; x_wconf 87' lang='lat' dir='ltr'><strong>pag.</strong></span> <span class='ocrx_word' id='word_1_172' title='bbox 473 2423 654 2479; x_wconf 87' lang='grc'>1283-1288.</span> 
     </span>
    </p>

    <p class='ocr_par' dir='ltr' id='par_1_11' title="bbox 288 2510 1425 2748">
     <span class='ocr_line' id='line_1_25' title="bbox 288 2510 1423 2580; baseline 0.004 -18"><span class='ocrx_word' id='word_1_173' title='bbox 288 2510 437 2564; x_wconf 80' lang='lat' dir='ltr'><strong>Scholia</strong></span> <span class='ocrx_word' id='word_1_174' title='bbox 454 2511 752 2580; x_wconf 89' lang='lat' dir='ltr'><strong>Hephaestionea</strong></span> <span class='ocrx_word' id='word_1_175' title='bbox 769 2511 1003 2564; x_wconf 88' lang='lat' dir='ltr'><strong>Ambrosiaua</strong></span> <span class='ocrx_word' id='word_1_176' title='bbox 1021 2511 1050 2575; x_wconf 90' lang='lat' dir='ltr'><strong>(i.</strong></span> <span class='ocrx_word' id='word_1_177' title='bbox 1070 2527 1093 2566; x_wconf 87' lang='lat' dir='ltr'><strong>a.</strong></span> <span class='ocrx_word' id='word_1_178' title='bbox 1111 2511 1282 2566; x_wconf 87' lang='lat' dir='ltr'><strong>Scholiorum</strong></span> <span class='ocrx_word' id='word_1_179' title='bbox 1295 2512 1423 2579; x_wconf 85' lang='lat' dir='ltr'><strong>Hephae·</strong></span> 
     </span>
     <span class='ocr_line' id='line_1_26' title="bbox 392 2593 1425 2662; baseline 0 -13"><span class='ocrx_word' id='word_1_180' title='bbox 392 2597 559 2649; x_wconf 87' lang='lat' dir='ltr'><strong>sticneorum</strong></span> <span class='ocrx_word' id='word_1_181' title='bbox 578 2597 603 2648; x_wconf 89' lang='lat' dir='ltr'><strong>A</strong></span> <span class='ocrx_word' id='word_1_182' title='bbox 621 2611 686 2662; x_wconf 89' lang='lat' dir='ltr'><strong>pars</strong></span> <span class='ocrx_word' id='word_1_183' title='bbox 704 2593 801 2662; x_wconf 85' lang='lat' dir='ltr'><strong>prior),</strong></span> <span class='ocrx_word' id='word_1_184' title='bbox 828 2598 870 2649; x_wconf 90' lang='lat' dir='ltr'><strong>ed.</strong></span> <span class='ocrx_word' id='word_1_185' title='bbox 889 2597 1040 2650; x_wconf 88' lang='lat' dir='ltr'><strong>Guilelmus</strong></span> <span class='ocrx_word' id='word_1_186' title='bbox 1059 2596 1226 2650; x_wconf 87' lang='lat' dir='ltr'><strong>Studemund</strong></span> <span class='ocrx_word' id='word_1_187' title='bbox 1252 2599 1280 2649; x_wconf 92' lang='lat' dir='ltr'><strong>in</strong></span> <span class='ocrx_word' id='word_1_188' title='bbox 1299 2596 1425 2650; x_wconf 87' lang='lat' dir='ltr'><strong>Anecdo·</strong></span> 
     </span>
     <span class='ocr_line' id='line_1_27' title="bbox 391 2679 1003 2748; baseline 0.003 -16"><span class='ocrx_word' id='word_1_189' title='bbox 391 2685 480 2733; x_wconf 89' lang='lat' dir='ltr'><strong>torum</strong></span> <span class='ocrx_word' id='word_1_190' title='bbox 500 2680 645 2732; x_wconf 88' lang='lat' dir='ltr'><strong>Variorum</strong></span> <span class='ocrx_word' id='word_1_191' title='bbox 666 2681 720 2732; x_wconf 80' lang='lat' dir='ltr'><strong>vol.</strong></span> <span class='ocrx_word' id='word_1_192' title='bbox 739 2681 753 2732; x_wconf 94' lang='lat' dir='ltr'>I</span> <span class='ocrx_word' id='word_1_193' title='bbox 772 2693 835 2748; x_wconf 85' lang='lat' dir='ltr'><strong>pag.</strong></span> <span class='ocrx_word' id='word_1_194' title='bbox 856 2679 1003 2736; x_wconf 77' lang='lat'><strong>118-152.</strong></span> 
     </span>
    </p>

    <p class='ocr_par' dir='ltr' id='par_1_12' title="bbox 291 2764 1426 3007">
     <span class='ocr_line' id='line_1_28' title="bbox 291 2764 1426 2836; baseline 0.001 -16"><span class='ocrx_word' id='word_1_195' title='bbox 291 2767 422 2836; x_wconf 89' lang='lat' dir='ltr'><strong>[Reliqua</strong></span> <span class='ocrx_word' id='word_1_196' title='bbox 451 2764 605 2820; x_wconf 86' lang='lat' dir='ltr'><strong>‘scholia</strong></span> <span class='ocrx_word' id='word_1_197' title='bbox 635 2765 931 2829; x_wconf 87' lang='lat' dir='ltr'><strong>Hephaestionea</strong></span> <span class='ocrx_word' id='word_1_198' title='bbox 958 2765 990 2819; x_wconf 91' lang='lat' dir='ltr'><strong>A’</strong></span> <span class='ocrx_word' id='word_1_199' title='bbox 1017 2769 1125 2821; x_wconf 86' lang='lat' dir='ltr'><strong>exstant</strong></span> <span class='ocrx_word' id='word_1_200' title='bbox 1154 2770 1182 2820; x_wconf 88' lang='lat' dir='ltr'><strong>in</strong></span> <span class='ocrx_word' id='word_1_201' title='bbox 1213 2768 1426 2836; x_wconf 87' lang='lat' dir='ltr'><strong>Hephaestionis</strong></span> 
     </span>
     <span class='ocr_line' id='line_1_29' title="bbox 392 2842 1426 2908; baseline 0 -2"><span class='ocrx_word' id='word_1_202' title='bbox 392 2842 574 2906; x_wconf 80' lang='lat' dir='ltr'><strong>Alexandrini</strong></span> <span class='ocrx_word' id='word_1_203' title='bbox 586 2850 737 2904; x_wconf 83' lang='lat' dir='ltr'><strong>Euchiridii</strong></span> <span class='ocrx_word' id='word_1_204' title='bbox 750 2852 917 2906; x_wconf 89' lang='lat' dir='ltr'><strong>editionibus</strong></span> <span class='ocrx_word' id='word_1_205' title='bbox 930 2853 1126 2908; x_wconf 83' lang='lat' dir='ltr'><strong>Gaislordiana</strong></span> <span class='ocrx_word' id='word_1_206' title='bbox 1144 2855 1233 2907; x_wconf 88' lang='lat' dir='ltr'><strong>altera</strong></span> <span class='ocrx_word' id='word_1_207' title='bbox 1252 2855 1321 2906; x_wconf 90' lang='lat' dir='ltr'><strong>etin</strong></span> <span class='ocrx_word' id='word_1_208' title='bbox 1336 2855 1426 2908; x_wconf 88' lang='lat' dir='ltr'><strong>Wast·</strong></span> 
     </span>
     <span class='ocr_line' id='line_1_30' title="bbox 393 2936 918 3007; baseline 0.002 -16"><span class='ocrx_word' id='word_1_209' title='bbox 393 2940 531 3007; x_wconf 79' lang='lat' dir='ltr'><strong>photiana,</strong></span> <span class='ocrx_word' id='word_1_210' title='bbox 551 2937 584 2991; x_wconf 92' lang='lat' dir='ltr'><strong>de</strong></span> <span class='ocrx_word' id='word_1_211' title='bbox 603 2938 702 3006; x_wconf 91' lang='lat' dir='ltr'><strong>quihus</strong></span> <span class='ocrx_word' id='word_1_212' title='bbox 721 2939 794 2992; x_wconf 91' lang='lat' dir='ltr'><strong>conf.</strong></span> <span class='ocrx_word' id='word_1_213' title='bbox 813 2936 918 3006; x_wconf 86' lang='lat' dir='ltr'><strong>snpra].</strong></span> 
     </span>
    </p>

    <p class='ocr_par' dir='ltr' id='par_1_13' title="bbox 289 3024 1428 3180">
     <span class='ocr_line' id='line_1_31' title="bbox 289 3024 1428 3092; baseline 0.002 -14"><span class='ocrx_word' id='word_1_214' title='bbox 289 3024 434 3080; x_wconf 89' lang='lat' dir='ltr'><strong>Scholia</strong></span> <span class='ocrx_word' id='word_1_215' title='bbox 452 3026 480 3078; x_wconf 92' lang='lat' dir='ltr'><strong>H</strong></span> <span class='ocrx_word' id='word_1_216' title='bbox 488 3025 747 3089; x_wconf 88' lang='lat' dir='ltr'><strong>ephaestionea</strong></span> <span class='ocrx_word' id='word_1_217' title='bbox 765 3025 797 3091; x_wconf 91' lang='lat' dir='ltr'><strong>B,</strong></span> <span class='ocrx_word' id='word_1_218' title='bbox 825 3025 868 3078; x_wconf 92' lang='lat' dir='ltr'><strong>ed.</strong></span> <span class='ocrx_word' id='word_1_219' title='bbox 887 3025 1037 3079; x_wconf 88' lang='lat' dir='ltr'><strong>Guilelmus</strong></span> <span class='ocrx_word' id='word_1_220' title='bbox 1055 3027 1292 3080; x_wconf 89' lang='lat' dir='ltr'><strong>Hosrschelmann</strong></span> <span class='ocrx_word' id='word_1_221' title='bbox 1317 3027 1347 3080; x_wconf 89' lang='lat' dir='ltr'><strong>in</strong></span> <span class='ocrx_word' id='word_1_222' title='bbox 1365 3039 1428 3092; x_wconf 84' lang='lat' dir='ltr'><strong>pro·</strong></span> 
     </span>
     <span class='ocr_line' id='line_1_32' title="bbox 394 3111 1094 3180; baseline 0.003 -17"><span class='ocrx_word' id='word_1_223' title='bbox 394 3113 548 3180; x_wconf 87' lang='lat' dir='ltr'><strong>grammate</strong></span> <span class='ocrx_word' id='word_1_224' title='bbox 566 3111 754 3164; x_wconf 82' lang='lat' dir='ltr'><strong>universitatis</strong></span> <span class='ocrx_word' id='word_1_225' title='bbox 772 3111 954 3178; x_wconf 89' lang='lat' dir='ltr'><strong>Dorpatensis</strong></span> <span class='ocrx_word' id='word_1_226' title='bbox 973 3129 998 3165; x_wconf 89' lang='lat' dir='ltr'><strong>a.</strong></span> <span class='ocrx_word' id='word_1_227' title='bbox 1020 3111 1094 3165; x_wconf 90' lang='grc'>1882.</span> 
     </span>
    </p>

    <p class='ocr_par' dir='ltr' id='par_1_14' title="bbox 291 3195 1428 3352">
     <span class='ocr_line' id='line_1_33' title="bbox 291 3195 1428 3271; baseline 0.001 -21"><span class='ocrx_word' id='word_1_228' title='bbox 291 3199 479 3250; x_wconf 83' lang='lat' dir='ltr'><strong>Tractatus</strong></span> <span class='ocrx_word' id='word_1_229' title='bbox 498 3197 710 3250; x_wconf 85' lang='lat' dir='ltr'><strong>Harleianus</strong></span> <span class='ocrx_word' id='word_1_230' title='bbox 729 3195 763 3249; x_wconf 91' lang='lat' dir='ltr'><strong>de</strong></span> <span class='ocrx_word' id='word_1_231' title='bbox 782 3197 886 3262; x_wconf 86' lang='lat' dir='ltr'><strong>metris,</strong></span> <span class='ocrx_word' id='word_1_232' title='bbox 904 3195 948 3249; x_wconf 90' lang='lat' dir='ltr'><strong>ed.</strong></span> <span class='ocrx_word' id='word_1_233' title='bbox 967 3197 1086 3250; x_wconf 86' lang='lat' dir='ltr'><strong>Thomas</strong></span> <span class='ocrx_word' id='word_1_234' title='bbox 1106 3197 1235 3251; x_wconf 83' lang='lat' dir='ltr'><strong>Gaielord</strong></span> <span class='ocrx_word' id='word_1_235' title='bbox 1254 3198 1282 3250; x_wconf 90' lang='lat' dir='ltr'><strong>in</strong></span> <span class='ocrx_word' id='word_1_236' title='bbox 1300 3198 1428 3271; x_wconf 89' lang='lat' dir='ltr'><strong>Hephae·</strong></span> 
     </span>
     <span class='ocr_line' id='line_1_34' title="bbox 393 3280 1427 3352; baseline 0.001 -17"><span class='ocrx_word' id='word_1_237' title='bbox 393 3282 488 3335; x_wconf 82' lang='lat' dir='ltr'><strong>ationis</strong></span> <span class='ocrx_word' id='word_1_238' title='bbox 501 3281 683 3335; x_wconf 80' lang='lat' dir='ltr'><strong>Alexandrini</strong></span> <span class='ocrx_word' id='word_1_239' title='bbox 701 3280 853 3334; x_wconf 82' lang='lat' dir='ltr'><strong>Euchiridii</strong></span> <span class='ocrx_word' id='word_1_240' title='bbox 866 3280 994 3334; x_wconf 86' lang='lat' dir='ltr'><strong>editionis</strong></span> <span class='ocrx_word' id='word_1_241' title='bbox 1011 3282 1123 3336; x_wconf 89' lang='lat' dir='ltr'><strong>alterius</strong></span> <span class='ocrx_word' id='word_1_242' title='bbox 1141 3285 1243 3338; x_wconf 90' lang='lat' dir='ltr'><strong>tomcI</strong></span> <span class='ocrx_word' id='word_1_243' title='bbox 1262 3297 1325 3352; x_wconf 85' lang='lat' dir='ltr'><strong>pag.</strong></span> <span class='ocrx_word' id='word_1_244' title='bbox 1343 3282 1427 3338; x_wconf 80' lang='grc'>817-</span> 
     </span>
    </p>

    <p class='ocr_par' dir='ltr' id='par_1_15' title="bbox 291 3450 1429 3693">
     <span class='ocr_line' id='line_1_35' title="bbox 291 3450 1429 3524; baseline -0.001 -16"><span class='ocrx_word' id='word_1_245' title='bbox 291 3455 443 3509; x_wconf 76' lang='lat' dir='ltr'><strong>Trichae</strong></span> <span class='ocrx_word' id='word_1_246' title='bbox 469 3453 504 3506; x_wconf 93' lang='lat' dir='ltr'><strong>de</strong></span> <span class='ocrx_word' id='word_1_247' title='bbox 522 3467 620 3505; x_wconf 86' lang='lat' dir='ltr'><strong>novem</strong></span> <span class='ocrx_word' id='word_1_248' title='bbox 639 3452 732 3504; x_wconf 86' lang='lat' dir='ltr'><strong>metris</strong></span> <span class='ocrx_word' id='word_1_249' title='bbox 751 3450 850 3516; x_wconf 89' lang='lat' dir='ltr'><strong>libelli,</strong></span> <span class='ocrx_word' id='word_1_250' title='bbox 869 3450 912 3505; x_wconf 90' lang='lat' dir='ltr'><strong>ad.</strong></span> <span class='ocrx_word' id='word_1_251' title='bbox 930 3451 1097 3507; x_wconf 78' lang='lat' dir='ltr'><strong>Franciscus</strong></span> <span class='ocrx_word' id='word_1_252' title='bbox 1116 3452 1150 3507; x_wconf 87' lang='lat' dir='ltr'><strong>de</strong></span> <span class='ocrx_word' id='word_1_253' title='bbox 1168 3453 1254 3508; x_wconf 79' lang='lat' dir='ltr'><strong>Furia</strong></span> <span class='ocrx_word' id='word_1_254' title='bbox 1272 3455 1300 3507; x_wconf 90' lang='lat' dir='ltr'><strong>iu</strong></span> <span class='ocrx_word' id='word_1_255' title='bbox 1318 3456 1429 3524; x_wconf 90' lang='lat' dir='ltr'><strong>Appen-</strong></span> 
     </span>
     <span class='ocr_line' id='line_1_36' title="bbox 395 3535 1428 3606; baseline -0.002 -14"><span class='ocrx_word' id='word_1_256' title='bbox 395 3539 456 3594; x_wconf 90' lang='lat' dir='ltr'><strong>diee</strong></span> <span class='ocrx_word' id='word_1_257' title='bbox 475 3537 511 3592; x_wconf 91' lang='lat' dir='ltr'><strong>ad</strong></span> <span class='ocrx_word' id='word_1_258' title='bbox 529 3539 685 3590; x_wconf 85' lang='lat' dir='ltr'><strong>Draconem</strong></span> <span class='ocrx_word' id='word_1_259' title='bbox 697 3535 934 3602; x_wconf 66' lang='lat' dir='ltr'><strong>Stratoniceum,</strong></span> <span class='ocrx_word' id='word_1_260' title='bbox 948 3538 1058 3600; x_wconf 86' lang='lat' dir='ltr'><strong>Lipsiae</strong></span> <span class='ocrx_word' id='word_1_261' title='bbox 1072 3537 1140 3594; x_wconf 87' lang='grc'>1814</span> <span class='ocrx_word' id='word_1_262' title='bbox 1153 3536 1196 3606; x_wconf 85' lang='grc'><strong>(--</strong></span> <span class='ocrx_word' id='word_1_263' title='bbox 1207 3538 1252 3592; x_wconf 90' lang='lat' dir='ltr'><strong>ed.</strong></span> <span class='ocrx_word' id='word_1_264' title='bbox 1265 3538 1428 3604; x_wconf 71' lang='lat' dir='ltr'><strong>liudolphus</strong></span> 
     </span>
     <span class='ocr_line' id='line_1_37' title="bbox 397 3622 1426 3693; baseline -0.006 -11"><span class='ocrx_word' id='word_1_265' title='bbox 397 3625 542 3693; x_wconf 87' lang='lat' dir='ltr'><strong>Westphal</strong></span> <span class='ocrx_word' id='word_1_266' title='bbox 569 3625 599 3676; x_wconf 89' lang='lat' dir='ltr'><strong>in</strong></span> <span class='ocrx_word' id='word_1_267' title='bbox 618 3622 788 3687; x_wconf 85' lang='lat' dir='ltr'><strong>Scriptorum</strong></span> <span class='ocrx_word' id='word_1_268' title='bbox 807 3623 984 3676; x_wconf 87' lang='lat' dir='ltr'><strong>Metricorum</strong></span> <span class='ocrx_word' id='word_1_269' title='bbox 1004 3626 1172 3678; x_wconf 88' lang='lat' dir='ltr'><strong>Graecorum</strong></span> <span class='ocrx_word' id='word_1_270' title='bbox 1191 3625 1245 3678; x_wconf 85' lang='lat' dir='ltr'><strong>vol.</strong></span> <span class='ocrx_word' id='word_1_271' title='bbox 1263 3624 1277 3676; x_wconf 97' lang='lat' dir='ltr'>I</span> <span class='ocrx_word' id='word_1_272' title='bbox 1295 3640 1359 3692; x_wconf 77' lang='lat' dir='ltr'><strong>pag.</strong></span> <span class='ocrx_word' id='word_1_273' title='bbox 1377 3623 1426 3678; x_wconf 80' lang='grc'><strong>261</strong></span> 
     </span>
    </p>

    <p class='ocr_par' dir='ltr' id='par_1_16' title="bbox 291 3791 1430 4035">
     <span class='ocr_line' id='line_1_38' title="bbox 291 3791 1430 3866; baseline -0.004 -16"><span class='ocrx_word' id='word_1_274' title='bbox 291 3796 440 3850; x_wconf 87' lang='lat' dir='ltr'><strong>Ioannis</strong></span> <span class='ocrx_word' id='word_1_275' title='bbox 459 3795 607 3848; x_wconf 82' lang='lat' dir='ltr'><strong>Tzetzae</strong></span> <span class='ocrx_word' id='word_1_276' title='bbox 626 3795 772 3850; x_wconf 72' lang='lat' dir='ltr'><strong>desiccantia</strong></span> <span class='ocrx_word' id='word_1_277' title='bbox 790 3791 932 3862; x_wconf 74' lang='grc' dir='ltr'><em>σαφεστάτη</em></span> <span class='ocrx_word' id='word_1_278' title='bbox 950 3795 1078 3860; x_wconf 74' lang='grc' dir='ltr'><strong>περὶτῶν</strong></span> <span class='ocrx_word' id='word_1_279' title='bbox 1096 3797 1122 3850; x_wconf 69' lang='grc' dir='ltr'><strong>ἓν</strong></span> <span class='ocrx_word' id='word_1_280' title='bbox 1139 3805 1193 3858; x_wconf 85' lang='grc' dir='ltr'><strong><em>τοῖς</em></strong></span> <span class='ocrx_word' id='word_1_281' title='bbox 1217 3801 1310 3866; x_wconf 82' lang='grc' dir='ltr'><strong><em>στίχοις</em></strong></span> <span class='ocrx_word' id='word_1_282' title='bbox 1333 3792 1430 3864; x_wconf 78' lang='grc' dir='ltr'><em>μέτρων</em></span> 
     </span>
     <span class='ocr_line' id='line_1_39' title="bbox 395 3877 1429 3944; baseline -0.004 -8"><span class='ocrx_word' id='word_1_283' title='bbox 395 3879 519 3944; x_wconf 70' lang='grc' dir='ltr'><strong>ἁπάντων,</strong></span> <span class='ocrx_word' id='word_1_284' title='bbox 548 3879 591 3933; x_wconf 91' lang='lat' dir='ltr'><strong>ed.</strong></span> <span class='ocrx_word' id='word_1_285' title='bbox 610 3881 631 3932; x_wconf 90' lang='lat' dir='ltr'><strong>I.</strong></span> <span class='ocrx_word' id='word_1_286' title='bbox 650 3881 682 3932; x_wconf 91' lang='lat' dir='ltr'><strong>A.</strong></span> <span class='ocrx_word' id='word_1_287' title='bbox 702 3879 814 3934; x_wconf 74' lang='lat' dir='ltr'><strong>Cramer</strong></span> <span class='ocrx_word' id='word_1_288' title='bbox 841 3879 870 3932; x_wconf 88' lang='lat' dir='ltr'><strong>in</strong></span> <span class='ocrx_word' id='word_1_289' title='bbox 896 3877 1001 3934; x_wconf 85' lang='lat' dir='ltr'><strong>Anecd.</strong></span> <span class='ocrx_word' id='word_1_290' title='bbox 1021 3879 1120 3934; x_wconf 88' lang='lat' dir='ltr'><strong>Graec.</strong></span> <span class='ocrx_word' id='word_1_291' title='bbox 1139 3880 1287 3934; x_wconf 86' lang='lat' dir='ltr'><strong>Oxonieas.</strong></span> <span class='ocrx_word' id='word_1_292' title='bbox 1315 3882 1367 3934; x_wconf 81' lang='lat' dir='ltr'><strong>vol.</strong></span> <span class='ocrx_word' id='word_1_293' title='bbox 1386 3879 1429 3932; x_wconf 87' lang='lat'><strong>111</strong></span> 
     </span>
     <span class='ocr_line' id='line_1_40' title="bbox 395 3963 779 4035; baseline -0.003 -15"><span class='ocrx_word' id='word_1_294' title='bbox 395 3965 433 4035; x_wconf 89' lang='lat' dir='ltr'><strong>(a.</strong></span> <span class='ocrx_word' id='word_1_295' title='bbox 454 3965 531 4032; x_wconf 87' lang='grc'>1836)</span> <span class='ocrx_word' id='word_1_296' title='bbox 550 3981 613 4033; x_wconf 83' lang='lat' dir='ltr'><strong>pag.</strong></span> <span class='ocrx_word' id='word_1_297' title='bbox 632 3963 779 4020; x_wconf 73' lang='lat'><strong>302-333.</strong></span> 
     </span>
    </p>

    <p class='ocr_par' dir='ltr' id='par_1_17' title="bbox 293 4050 1429 4207">
     <span class='ocr_line' id='line_1_41' title="bbox 293 4050 1429 4118; baseline -0.001 -13"><span class='ocrx_word' id='word_1_298' title='bbox 293 4054 406 4108; x_wconf 87' lang='lat' dir='ltr'><strong>Isaaci</strong></span> <span class='ocrx_word' id='word_1_299' title='bbox 434 4054 584 4106; x_wconf 75' lang='lat' dir='ltr'><strong>Taetzae</strong></span> <span class='ocrx_word' id='word_1_300' title='bbox 612 4067 723 4105; x_wconf 87' lang='lat' dir='ltr'><strong>carmen</strong></span> <span class='ocrx_word' id='word_1_301' title='bbox 743 4053 775 4105; x_wconf 91' lang='lat' dir='ltr'><strong>de</strong></span> <span class='ocrx_word' id='word_1_302' title='bbox 794 4051 888 4104; x_wconf 90' lang='lat' dir='ltr'><strong>metris</strong></span> <span class='ocrx_word' id='word_1_303' title='bbox 915 4050 1079 4118; x_wconf 89' lang='lat' dir='ltr'><strong>Pindaricis,</strong></span> <span class='ocrx_word' id='word_1_304' title='bbox 1107 4051 1150 4106; x_wconf 91' lang='lat' dir='ltr'><strong>ed.</strong></span> <span class='ocrx_word' id='word_1_305' title='bbox 1167 4051 1190 4104; x_wconf 95' lang='grc' dir='ltr'><strong>Ι.</strong></span> <span class='ocrx_word' id='word_1_306' title='bbox 1209 4052 1241 4104; x_wconf 90' lang='lat' dir='ltr'><strong>A.</strong></span> <span class='ocrx_word' id='word_1_307' title='bbox 1262 4050 1374 4108; x_wconf 80' lang='lat' dir='ltr'><strong>Cramer</strong></span> <span class='ocrx_word' id='word_1_308' title='bbox 1401 4052 1429 4104; x_wconf 92' lang='lat' dir='ltr'><strong>in</strong></span> 
     </span>
     <span class='ocr_line' id='line_1_42' title="bbox 398 4135 1297 4207; baseline -0.003 -14"><span class='ocrx_word' id='word_1_309' title='bbox 398 4139 502 4194; x_wconf 86' lang='lat' dir='ltr'><strong>Anacd.</strong></span> <span class='ocrx_word' id='word_1_310' title='bbox 523 4137 622 4192; x_wconf 85' lang='lat' dir='ltr'><strong>Graec.</strong></span> <span class='ocrx_word' id='word_1_311' title='bbox 641 4138 730 4192; x_wconf 85' lang='lat' dir='ltr'><strong>Paria.</strong></span> <span class='ocrx_word' id='word_1_312' title='bbox 750 4139 803 4191; x_wconf 81' lang='lat' dir='ltr'><strong>vol.</strong></span> <span class='ocrx_word' id='word_1_313' title='bbox 822 4138 837 4190; x_wconf 97' lang='lat' dir='ltr'>I</span> <span class='ocrx_word' id='word_1_314' title='bbox 855 4137 970 4204; x_wconf 88' lang='lat' dir='ltr'><strong>(Oxouii</strong></span> <span class='ocrx_word' id='word_1_315' title='bbox 988 4135 1066 4204; x_wconf 85' lang='grc'>1889)</span> <span class='ocrx_word' id='word_1_316' title='bbox 1085 4154 1150 4207; x_wconf 86' lang='lat' dir='ltr'><strong>pag.</strong></span> <span class='ocrx_word' id='word_1_317' title='bbox 1169 4136 1297 4194; x_wconf 80' lang='grc'>59-162.</span> 
     </span>
    </p>
   </div>
   <div class='ocr_carea' id='block_1_3' title="bbox 754 4311 959 4322">
    <p class='ocr_par' dir='ltr' id='par_1_18' title="bbox 754 4311 959 4322">
     <span class='ocr_line' id='line_1_43' title="bbox 754 4311 959 4322; baseline 0.01 -2"><span class='ocrx_word' id='word_1_318' title='bbox 754 4311 959 4322; x_wconf 71' lang='lat' dir='ltr'>——u--n</span> 
     </span>
    </p>
   </div>
   <div class='ocr_carea' id='block_1_4' title="bbox 0 0 1602 5130">
    <p class='ocr_par' dir='ltr' id='par_1_19' title="bbox 0 0 1602 5130">
     <span class='ocr_line' id='line_1_44' title="bbox 0 0 1602 5130; baseline 0 0"><span class='ocrx_word' id='word_1_319' title='bbox 0 0 1602 5130; x_wconf 95' lang='lat' dir='ltr'><strong> </strong></span> 
     </span>
    </p>
   </div>
  </div>
 </body>
</html>
