3182 5130
304 325 347 395 ao
825 321 917 412 [acc]

303 522 376 588 libri
398 521 496 606 (conf.
520 519 727 606 Rudolphum
753 520 926 606 Wcstphal
948 518 1074 587 ‘Metrik
1109 522 1165 588 der
1189 519 1356 590 Griechen'
1378 523 1444 591 vol.

306 623 336 688 Ι2
358 646 433 710 pag.
458 622 554 708 198);
576 624 609 688 id
631 625 737 709 potius
759 624 865 688 mirari
887 625 1008 708 licebit,
1032 634 1099 692 tam
1120 629 1264 711 paullum
1287 630 1359 695 illos
1381 628 1446 695 hoc

303 729 373 792 loco
397 747 585 811 congruere.

407 829 513 895 Minus
536 830 631 893 etiarn
654 849 749 913 quam
772 827 878 893 Draco
901 851 972 894 cum
1001 831 1106 915 priore
1136 832 1208 896 libri
1231 833 1445 899 Pseudo-He-
1570 885 1571 910 .

302 935 500 1018 phaestiouei
522 940 614 1018 parta
638 934 799 1010 consentit,
824 936 879 1019 qui
902 936 1015 999 tertius
1039 937 1087 999 bis
1104 936 1363 1000 adnumerandus
1383 945 1443 1016 est,

302 1038 470 1102 Triclinius
504 1039 570 1102 sive
605 1033 767 1101 ‘tractatus
802 1036 1018 1120 Harleianus';
1058 1045 1163 1104 exstat
1197 1040 1281 1104 enim
1315 1046 1443 1125 praeter

302 1142 420 1226 pedum
455 1141 682 1226 disyllaborum
719 1146 751 1204 et
785 1140 1019 1226 trisyllaborum
1055 1143 1202 1221 nomina,
1242 1163 1324 1227 quae
1361 1143 1442 1208 adeo

302 1245 428 1309 diverso
453 1244 564 1308 ordine
587 1242 627 1305 ab
650 1263 687 1306 eo
713 1242 899 1325 traduntur,
926 1245 1005 1308 nihil
1027 1242 1114 1328 apud
1136 1265 1225 1323 eum,
1256 1245 1342 1327 quod
1369 1267 1441 1309 curn

302 1347 502 1434 paragrapho
520 1352 531 1409 l
552 1353 704 1430 congruat
719 1353 846 1431 praeter
861 1369 957 1412 uuam
974 1349 1059 1412 illam
1075 1349 1284 1414 senteutiam:
1302 1355 1441 1432 προῆλθε

302 1448 338 1515 δὲ
353 1449 389 1514 τά
410 1448 525 1531 μέτρον
546 1447 579 1513 ἑκ
604 1455 692 1527 θεοῦ,
714 1449 819 1538 μάτρῳ
842 1448 881 1514 τά
904 1476 938 1514 τε
954 1450 1081 1536 ου’ράνια
1097 1453 1146 1515 ναὶ
1162 1451 1278 1534 ἐπίγειοι
1292 1475 1443 1535 κεκοσμη-

301 1553 388 1631 κότος
411 1553 500 1639 (pag.
525 1555 598 1634 321,
620 1551 783 1636 26-2t);
807 1575 901 1637 quam
917 1555 1108 1618 sententiam
1124 1539 1186 1620 iam
1202 1553 1440 1620 Alexandrinos

302 1658 343 1723 de
365 1679 399 1722 re
423 1659 552 1722 metrica
572 1657 742 1741 scriptores
766 1659 806 1722 ab
828 1658 1060 1742 antiquioribus
1088 1659 1129 1722 de
1158 1659 1308 1744 rhythmo
1342 1659 1440 1744 scrip-

302 1761 433 1840 toribus,
456 1763 515 1825 bos
538 1766 644 1826 autem
668 1761 812 1826 Platonis
835 1761 959 1846 scriptis
983 1763 1131 1826 traditam
1160 1764 1322 1846 accepisse
1346 1763 1441 1826 docet

303 1865 494 1950 Rudolphus
525 1864 698 1950 Wcstphal
728 1865 748 1927 l.
782 1886 808 1929 c.
841 1885 913 1949 pag.
948 1868 1018 1931 107.
1065 1867 1136 1940 Quo
1170 1868 1224 1949 fit,
1256 1872 1291 1931 ut
1322 1867 1440 1930 borum

303 1978 416 2034 neuter
448 1970 487 2032 ad
522 1968 657 2033 eundem
692 1967 814 2032 fontem
846 1969 1035 2033 referendus
1064 1990 1134 2035 esse
1164 1971 1312 2033 videatur
1343 1976 1441 2052 atquc

303 2072 682 2158 Pseudo-Hephaestion.
1119 2127 1121 2134 ,

406 2176 537 2240 Isaacus
572 2175 747 2239 Monachus
782 2195 853 2238 curn
886 2175 985 2238 multo
1017 2177 1122 2240 miuus
1156 2177 1313 2261 integram
1346 2177 1441 2241 huius

304 2285 457 2344 tractatus
480 2279 615 2343 formam
647 2279 798 2343 exhibeat
828 2300 922 2362 quarn
944 2278 1346 2364 Pseudo-Hephaestion,
1380 2280 1442 2343 hoc

304 2385 405 2470 ipsum
428 2383 575 2447 Isaacum
599 2403 691 2446 usum
715 2403 783 2446 esse
805 2383 985 2468 suspiceris,
1007 2385 1195 2467 praesertim
1216 2405 1287 2447 cum
1306 2389 1338 2448 et
1354 2382 1441 2467 apud

219 2531 222 2538 ·
305 2489 388 2552 hunc
411 2492 443 2551 et
464 2486 548 2571 apud
564 2484 651 2548 illum
674 2494 826 2569 sequatur
842 2491 938 2568 caput
958 2485 998 2549 de
1012 2485 1149 2570 pedibus
1165 2484 1358 2571 (Ps.-Heph.
1375 2485 1393 2566 ἕ
1410 2487 1440 2560 2,

301 2589 404 2655 Isaac.
417 2611 448 2674 p.
463 2586 552 2671 174).
596 2587 665 2652 Nec
688 2596 794 2653 tamen
819 2596 908 2653 certa
930 2590 1023 2652 huius
1046 2590 1233 2674 suspicionis
1250 2589 1441 2652 documenta

303 2695 495 2776 investigare
528 2693 636 2777 potui3
672 2714 744 2756 curn
778 2694 861 2756 euim
894 2693 990 2758 modo
1027 2694 1067 2756 ad
1102 2695 1233 2757 verbum
1265 2693 1332 2757 fere
1368 2713 1440 2756 cum

288 2795 688 2886 ,ruendo-Hephaestione
706 2793 834 2858 Isaacus
851 2797 1038 2877 consentiat,
1063 2796 1157 2860 modo
1174 2797 1206 2859 iu
1224 2796 1351 2860 brevius
1367 2815 1442 2859 con-

304 2905 406 2964 tracta
420 2899 518 2963 verba
534 2899 694 2984 praebeat,
717 2898 876 2962 interdurn
888 2899 1021 2963 liberius
1037 2920 1103 2963 rem
1119 2905 1237 2962 tractat
1253 2900 1302 2963 vel
1320 2897 1442 2961 addita-

303 3005 418 3067 mentis
441 3009 548 3086 auget.
592 3001 733 3066 Maxime
754 3008 861 3068 autem
879 3003 925 3066 his
941 3003 1016 3088 ipsis
1038 3003 1261 3067 additamentis
1285 3002 1442 3087 probatur

304 3108 507 3190 integriorem
532 3105 625 3169 huius
648 3106 839 3191 paragraphi
861 3105 996 3169 formam
1018 3104 1443 3190 aPseudo·Hephaestione

305 3217 464 3275 servatam
497 3229 576 3274 esse.
623 3207 703 3272 (lum
736 3210 819 3272 enim
853 3216 949 3292 caput
978 3211 1047 3290 περὶ
1080 3215 1143 3271 τοῖν
1174 3205 1334 3287 ὀνομάτων
1357 3205 1443 3292 apud

304 3311 742 3396 Pseudo-Hephaestionem
765 3310 798 3394 (ξ
824 3311 870 3394 11)
892 3313 938 3378 sic
970 3312 1115 3398 incipiat:
1140 3308 1204 3393 άρο
1236 3311 1268 3375 dd
1298 3314 1348 3375 καὶ
1375 3313 1442 3391 περὶ

305 3424 368 3482 τῶν
391 3413 550 3495 ὀνομάτων
572 3413 691 3479 τούτων
712 3417 806 3479 εἰπεῖν
829 3417 878 3478 καί
901 3412 978 3479 ὅθεν
1000 3411 1300 3498 circumiri-(ipone,
1324 3436 1443 3479 novum

305 3521 432 3585 titulum
456 3519 585 3582 Isaacus
609 3518 741 3582 inseruit
764 3517 863 3582 hunc:
892 3522 969 3603 Περὶ
992 3525 1048 3600 τῆς
1071 3519 1132 3581 τῶν
1153 3521 1260 3581 noduiv
1285 3514 1445 3600 ποιότητὸς

306 3649 339 3688 τε
362 3625 410 3687 καί
429 3620 571 3706 κλήσεως,
593 3629 689 3707 post
710 3622 836 3685 titulum
852 3627 969 3704 autem,
985 3623 1056 3686 loco
1073 3642 1168 3705 quam
1184 3621 1314 3686 minime,
1328 3621 1443 3686 idoneo

306 3728 404 3792 verba
433 3747 475 3791 ex
503 3725 591 3790 fonte
623 3746 703 3807 suo,·
732 3731 767 3789 ut
798 3727 927 3811 opinor,
956 3725 1131 3810 descripta:
1165 3727 1229 3787 Kal
1262 3726 1359 3789 ταῦτα
1389 3725 1445 3805 μὲν

307 3826 403 3906 οὕτως
425 3827 513 3913 (pag.
539 3831 611 3912 174,
626 3829 698 3910 25)!
743 3829 903 3913 Deinceps
923 3829 1053 3893 Isaacus
1079 3828 1202 3913 pergit:
1227 3825 1269 3904 ὡς
1291 3825 1444 3912 <scriben-

306 3934 383 3997 dum
406 3929 513 4015 οῗροιῗ)
534 3931 566 3995 δὲ
588 3937 636 3996 καὶ
659 3935 728 4013 περὶ
749 3938 814 3994 τοῖν
830 3931 989 4012 ὀνομάτων
1004 3933 1109 4008 εἰπεῖν,
1135 3929 1234 4012 „dttd
1257 3927 1294 4009 dr}
1311 3933 1445 4016 καὶπερὶ

306 4043 362 4120 τῆς
384 4035 547 4119 ποιότητος
569 4033 729 4118 ἑκάστου“,
754 4057 836 4120 quae
858 4036 956 4101 verba
980 4036 1144 4120 particulis
1168 4032 1246 4098 ἀλλά
1268 4032 1306 4114 δά
1337 4037 1446 4120 inepte

308 4161 381 4205 cum
408 4139 669 4204 antecedentibus
703 4139 868 4205 coniuncta
898 4141 976 4204 mihi
1008 4138 1156 4202 videntur
1188 4158 1271 4219 esse;
1303 4137 1343 4200 ab
1374 4139 1444 4222 ipso

307 4251 417 4310 autem
450 4243 564 4308 Isaaco
602 4243 726 4308 additas
761 4264 832 4307 esse
869 4242 1032 4327 ποιότητας
1065 4242 1135 4305 illas
1167 4241 1187 4304 i.
1218 4262 1246 4305 e..
1283 4242 1447 4304 schemata

308 4349 525 4435 quantitatum
548 4345 622 4411 inde
644 4351 788 4432 apparet,
811 4347 895 4430 quod
920 4348 950 4411 in
982 4346 1079 4410 iambi
1111 4343 1326 4428 descriptione
1357 4344 1447 4430 (pag.
