3182 5130
298 345 317 406 c
817 335 907 420 [rsa]

296 553 401 618 neque
422 531 455 595 id
478 519 674 616 negavitvir
697 529 910 611 doctissimus,
933 527 989 592 sed
1013 530 1109 592 ctiam
1132 528 1265 592 comiter
1290 531 1433 614 permisit

295 637 421 720 roganti
443 634 529 713 milri,
551 640 588 698 ut
610 635 695 698 hunc
717 632 843 713 librum,
866 632 894 697 si
916 632 1192 715 tanti'videretur,
1216 633 1334 717 publici
1355 633 1431 698 iuris

294 738 443 819 facerem,
465 738 610 814 omnibus
627 738 672 802 cis
688 737 804 822 copiis,
821 758 904 825 quas
916 736 956 802 ad
972 737 1057 801 hunc
1072 737 1254 821 scriptorem
1271 736 1431 801 edendum

296 848 507 926 congesserat,
530 862 587 925 pro
610 841 712 904 lubitu
738 861 808 906 meo
828 863 919 920 rusus.
963 840 1072 921 Atque
1095 841 1184 904 initio
1210 837 1338 925 quidem
1360 841 1428 924 ipse

294 946 349 1010 vix
361 947 465 1008 minus
476 945 621 1009 dubitavi
633 965 727 1028 quam
741 943 951 1025 Studemund,
968 962 1043 1006 num
1059 941 1427 1029 Pseudo-Hephaestion

292 1048 408 1133 dignus
432 1054 515 1112 esset
539 1049 593 1132 qui
615 1053 702 1112 totus
732 1049 815 1133 typis
847 1049 1088 1133 exprimeretur.
1134 1047 1197 1111 Sed
1230 1067 1300 1110 cum
1332 1047 1428 1131 scrip·

292 1157 397 1214 torum
420 1151 669 1234 Byzantinorum
692 1152 847 1235 opuscula
870 1152 1003 1216 metrica
1035 1152 1289 1234 perlustrassem,
1319 1170 1428 1234 quam·

292 1275 386 1339 quarn
418 1254 518 1318 multa
550 1252 960 1339 Pseudo-Hephaestionis
991 1259 1162 1339 praccepta
1197 1274 1267 1318 cum
1300 1253 1427 1320 illorum

290 1357 420 1422 inficeta
436 1355 752 1420 doetrinaartissimc
769 1356 941 1420 cohaerere
957 1356 1110 1437 intellexi,
1126 1375 1190 1419 non
1206 1374 1309 1440 pauca
1321 1361 1427 1420 tamen

290 1459 351 1524 hoo
373 1460 455 1524 libro
480 1460 636 1524 contineri
659 1459 734 1524 mihi
757 1460 824 1524 visa
847 1466 931 1542 sunt,
954 1481 1036 1544 quae
1059 1458 1146 1543 apud
1169 1459 1307 1542 reliquos
1332 1457 1372 1522 de
1394 1478 1427 1522 ra

289 1565 420 1628 metrica
443 1564 613 1649 scriptores
636 1564 755 1628 frustra
779 1569 980 1646 quaerantur.
1026 1563 1134 1638 Quare
1158 1567 1262 1626 totum
1283 1560 1428 1652 Pseudo·

289 1667 584 1751 Hacphaestionem
614 1672 770 1751 apparatu
801 1667 908 1731 critico
933 1666 1207 1732 Studemundiano
1237 1667 1425 1729 instructum

289 1770 383 1834 edere
408 1771 566 1835 constitui.
613 1769 743 1847 Omnes,
773 1768 813 1835 de
841 1771 955 1855 quibus
982 1770 1064 1835 infra
1093 1791 1201 1854 agam,
1231 1769 1356 1834 codices
1385 1769 1425 1832 ab

288 1873 357 1958 ipso
383 1873 604 1940 Studemundo
633 1873 758 1938 excussi
789 1880 873 1954 sunt,
901 1873 959 1937 nisi
988 1873 1042 1938 ubi
1071 1872 1264 1937 contrarium
1292 1871 1424 1936 adnota-

290 1997 376 2042 vcro.

392 2181 1421 2267 CodicesPseudo-Hephaestionis,cumnonomues

288 2287 467 2370 congeriem
502 2287 565 2352 sub·
594 2287 847 2373 Hephaestionis
878 2287 1004 2352 nominc
1033 2285 1181 2352 traditam
1217 2291 1316 2349 totam
1347 2304 1422 2350 con·

287 2389 421 2472 tineent,
443 2390 611 2455 discedunt
632 2391 665 2455 in
688 2391 790 2456 varias
814 2392 945 2470 classcs;
969 2395 1042 2454 sunt
1064 2395 1171 2454 autem
1195 2395 1267 2453 octo
1282 2389 1360 2456 hae:

389 2493 417 2558 Ι.
457 2493 611 2576 Codices,
645 2493 814 2576 inquibus
848 2501 965 2558 totus
995 2499 1101 2558 exstat
1132 2490 1421 2557 Pseudoafle·

285 2594 539 2679 phaestion:

391 2703 419 2764 l.
453 2699 487 2762 M
510 2728 552 2752 =
574 2700 849 2766 Monacensis
874 2703 945 2765 536
969 2700 1037 2783 (63)
1061 2701 1252 2766 chartaceus
1276 2699 1317 2764 8Ο
1338 2719 1421 2764 saec.

284 2801 477 2866 XV-XVI
500 2802 737 2885 miscellanens3
769 2804 853 2868 conf.
877 2802 918 2867 dc
941 2805 1002 2868 hoc
1026 2803 1137 2870 codice
1161 2801 1361 2867 studemund
1390 2802 1422 2866 iu

285 2907 390 2972 annal.
403 2905 511 2990 philol.
527 2927 555 2972 a.
572 2908 652 2970 1867
669 2926 744 2990 pag.
758 2909 819 2970 613
837 2913 913 2972 nota
929 2910 958 2976 a.
992 2908 1142 2971 Continet
1156 2906 1209 2972 fol.
1225 2907 1419 2996 ,1105132ν

283 3009 366 3072 med.
398 3011 434 3087 (i.
466 3031 492 3074 e.
526 3029 627 3093 usque
667 3008 708 3074 ad
745 3010 861 3076 codicis
896 3011 1005 3093 finem)
1040 3009 1318 3096 η’φαιστίονος
1351 3011 1419 3092 περὶ

280 3109 405 3194 as'rpov‘,
430 3134 526 3200 quem
549 3114 676 3181 titulum
699 3115 842 3199 sequitur
869 3121 938 3180 tota
961 3137 1007 3199 ea,
1039 3136 1134 3200 quam
1160 3135 1245 3178 nunc
1276 3112 1418 3180 editurus

283 3236 365 3297 sum,
388 3217 563 3301 congeries.

308 3333 310 3340 '
386 3322 416 3384 2.
451 3317 784 3386 P=Parisinus
808 3323 1008 3388 2008saeo.
1029 3320 1232 3389 XV—XVI.
1269 3320 1417 3388 Continet

280 3421 335 3487 fol.
361 3425 568 3488 ltu-168¹:
594 3422 888 3510 ‘pparortmvog
911 3428 978 3507 napi
1001 3423 1140 3510 μέτρωιῖ,
1173 3433 1328 3512 sequente
1351 3431 1417 3491 tota

283 3544 325 3589 ea·
344 3525 507 3609 congerie,
526 3547 622 3612 quam
645 3528 784 3592 continet
808 3527 910 3592 codex
934 3527 977 3592 M.
1024 3526 1173 3592 Ceterum
1201 3527 1282 3592 conf.
1306 3528 1417 3594 Meloti

282 3627 473 3713 Catalogum
498 3629 642 3696 codicum
665 3652 738 3708 mss.
763 3631 974 3697 bibliothecae
989 3631 1113 3716 Regiae
1133 3637 1209 3696 tom.
1225 3631 1270 3714 II,
1285 3630 1415 3699 Parisiis

283 3733 378 3812 1740,
407 3753 481 3816 pag.
509 3736 582 3802 431.
629 3734 780 3800 Codicem
811 3735 837 3798 P
868 3757 951 3801 anno
985 3739 1067 3801 1880
1098 3737 1230 3802 contulit
1261 3735 1417 3806 aStude·

279 3833 397 3897 mundo
422 3843 552 3920 rogatus
576 3838 622 3902 vir
645 3859 717 3904 mea
738 3837 834 3902 laude
857 3839 1001 3922 superior
1025 3838 1202 3903 Guilelmus
1222 3840 1415 3910 Hoerschal·

279 3955 386 4002 mann.

374 4039 426 4106 11.
465 4042 585 4122 Codex,
608 4047 641 4110 in
671 4067 734 4132 quo
758 4047 1000 4132 discerptus
1024 4053 1153 4115 exstare
1177 4048 1304 4116 videtur
1330 4057 1416 4120 totus

277 4139 787 4235 Pseudo-Hephaestion,
811 4157 860 4216 est

340 4289 343 4294 -
383 4248 411 4312 1.
452 4245 752 4317 Baroccianus
786 4256 830 4320 72
862 4274 944 4322 saec.
979 4255 1046 4321 XV
1075 4258 1238 4340 exeuntis,
1274 4259 1315 4327 de
1350 4278 1413 4346 quo

278 4347 361 4416 conf.
386 4349 586 4418 Studemund
609 4351 732 4423 Anecd.
756 4356 832 4422 Var.
856 4357 873 4421 I
895 4380 970 4446 pag.
998 4365 1067 4430 104.
1114 4364 1263 4432 Continet
1286 4364 1368 4432 enim
1386 4367 1413 4431 is
