3182 5130
685 337 776 431 [203]
1256 345 1295 414 17

151 542 238 634 quod
250 542 363 611 ¹ceteri
382 538 507 608 codices
538 540 698 622 exhibent,
712 565 713 568 ¹
726 537 932 628 προίρχονέαι,
956 539 994 606 in
1028 537 1160 606 PMBVv
1179 536 1297 628 iegitur

154 649 363 736 περιέρχονται
387 656 419 712 et
442 647 555 710 similia
577 645 745 730 permulta.
1133 643 1135 646 ’
1283 669 1285 676 ⁴

170 799 172 804 ,
259 751 312 817 Ad
336 749 472 817 eundem
503 755 599 834 atque
629 747 753 812 codices
777 746 842 810 ΡΜ
870 748 1079 833 archetypum
1111 748 1295 815 referendus

156 859 294 942 denique
319 863 369 920 est
395 853 499 918 codex
521 851 562 934 E,
583 851 802 936 paragraphos
826 852 953 914 28-45
976 857 1098 915 tantum
1122 855 1297 933 continens,

153 962 208 1045 qui
229 957 386 1025 artissime
409 954 537 1041 quidem
560 976 632 1018 cum
656 954 764 1019 codice
788 954 825 1035 P,
852 954 960 1039 paullo
983 957 1089 1019 minus
1119 964 1189 1020 arte
1225 977 1296 1021 oum

153 1063 264 1128 codice
278 1062 312 1126 M
328 1068 482 1145 cognatus
500 1064 556 1122 est.
583 1057 635 1122 Ex
652 1057 764 1122 eodem
779 1059 953 1142 archetypo
969 1056 1137 1142 deperdito
1159 1059 1222 1142 (X)
1239 1081 1297 1145 per

154 1167 236 1231 duos
256 1165 338 1230 alios
362 1162 486 1227 codices
509 1161 599 1226 nobis
622 1183 686 1227 non
714 1169 860 1226 servatos
891 1161 935 1244 (Y
958 1168 991 1226 et
1013 1161 1053 1246 Z)
1086 1163 1131 1225 ita
1161 1161 1297 1227 derivati

158 1291 228 1335 esse
244 1267 394 1334 videntur
418 1265 544 1330 codices
560 1265 662 1348 PME,
685 1271 721 1329 ut
743 1286 761 1328 e
784 1265 894 1331 codice
909 1265 942 1328 Y
963 1264 1113 1350 descripti
1136 1266 1298 1332 sint‘etP

156 1382 189 1439 et
217 1373 255 1454 E,
287 1393 305 1436 e
336 1371 445 1436 codice
473 1369 498 1432 Z
529 1391 613 1434 unus
648 1369 749 1436 codex
780 1369 824 1450 M,
856 1370 938 1434 siout
968 1368 1205 1436 demonstratur
1228 1367 1298 1435 ‘hoo

150 2359 153 2365 ι
187 2311 189 2315 ’
263 2319 334 2385 Iota
357 2318 537 2403 subscripta
560 2319 590 2382 in
617 2319 760 2404 plurimis
791 2318 954 2382 codicibus
984 2318 1078 2402 piane
1109 2317 1234 2400 omissa,
1266 2319 1298 2382 in

159 2423 320 2488 nonnullis
344 2423 440 2488 modo
464 2422 573 2485 addita
595 2422 692 2487 modo
716 2423 833 2486 omissa
855 2422 888 2485 in
911 2427 1069 2506 apparatu
1091 2421 1200 2485 critico
1233 2443 1296 2486 non

151 2528 297 2592 enotavi.
341 2527 380 2590 In
404 2527 622 2591 encliticorum
647 2526 829 2590 accentibus
845 2525 1019 2590 scribendis
1036 2525 1087 2590 vel
1103 2525 1298 2612 omittendis,

156 2652 196 2695 ne
220 2637 411 2717 apparatum
433 2630 577 2693 criticum
601 2629 692 2693 nimis
726 2651 903 2720 onerarem,
935 2629 1080 2710 codicum
1109 2631 1298 2715 scripturam

156 2736 347 2822 plerumque
377 2740 506 2797 secutus
538 2755 622 2813 sum3
653 2754 757 2818 neque
790 2733 944 2799 adnotavi
975 2740 1126 2798 accentus
1151 2726 1297 2819 -quod

159 2841 286 2924 saepius
317 2839 352 2900 fit
378 2851 416 2880 -’
440 2857 554 2921 graves
585 2837 707 2921 positos
739 2857 797 2921 pro
830 2838 931 2901 acutis
965 2838 1018 2901 vel
1048 2836 1107 2902 hos
1139 2859 1196 2924 pro
1228 2836 1296 2918 illis,

157 2964 262 3028 neque
285 2944 386 3026 magis
409 2942 558 3005 minutias
583 2941 614 3003 in
646 2961 853 3005 numerorum
884 2941 1038 3024 scriptura
1069 2941 1298 3025 discrepantes,

226 3099 228 3102 .
261 3045 525 3129 Interrogationis
548 3044 702 3127 signum?
725 3043 928 3128 inapparatu
952 3046 1061 3108 critico
1078 3044 1236 3128 significat
1252 3041 1294 3126 ‘ut

158 3149 300 3234 videtur’.
345 3148 406 3212 His
422 3148 543 3211 uncinis
557 3145 572 3230 <
658 3145 673 3230 >
688 3148 844 3230 insignivi,
865 3169 947 3231 quae
964 3131 1111 3212 codicum
1127 3148 1293 3211 contextui

156 3252 334 3334 inserenda,
357 3252 405 3315 his
429 3249 441 3333 [
507 3250 551 3332 '],
575 3270 656 3334 quae
679 3249 815 3314 delenda
838 3250 915 3336 mibi
936 3251 1127 3315 videbantur
1148 3273 1229 3316 esse.

261 3353 657 3441 PseudossHephae'stionis
674 3356 782 3436 verba,
807 3355 885 3418 dum*
898 3355 1039 3419 codicem
1056 3355 1090 3418 M
1104 3352 1294 3434 transcribit,

159 3481 222 3545 quo
254 3459 376 3522 facilius
409 3480 479 3522 oum
511 3445 594 3544 aliis
615 3458 774 3522 codicibus
808 3459 953 3524 conferre
983 3466 1109 3543 posset,
1141 3461 1173 3523 in
1203 3480 1294 3545 para-

159 3559 300 3648 graphos
330 3563 435 3627 divisit
458 3562 676 3644 Studemund3
706 3583 839 3646 quarum
868 3584 1028 3645 numeros,
1061 3569 1096 3626 ut
1127 3565 1220 3627 simul
1250 3563 1293 3627 le·

158 3668 300 3752 gentium
324 3665 489 3731 commodo
513 3667 708 3745 inservirem,
731 3667 864 3750 servavi.
1023 3662 1024 3666 ’
1278 3674 1280 3678 ’

623 3859 772 3869 ——--—-—-.
777 3859 826 3865 ..—

262 3976 397 4043 Constat
426 3978 596 4043 maximam
627 3984 750 4062 partem
781 3979 1055 4064 paragraphorum
1085 3976 1295 4060 Pseudo-He-

156 4081 353 4166 phaestionis
390 4083 509 4145 2-45
545 4086 600 4145 aut
636 4082 677 4145 ad
711 4082 843 4146 verbum
875 4083 1099 4167 transcriptam
1136 4103 1205 4146 esse
1240 4089 1296 4146 aut

158 4185 314 4268 originem
337 4183 453 4249 ducere
476 4206 516 4249 ex
540 4186 596 4267 eis,
628 4187 683 4270 qui
706 4187 782 4250 olim
805 4185 880 4248 editi
907 4193 991 4267 sunt,
1021 4184 1227 4271 scriptoribus
1256 4171 1296 4250 dc

157 4308 192 4352 re
214 4285 346 4352 metrica
361 4286 557 4370 Byzantinis.
598 4287 713 4372 Neque
731 4289 901 4353 verisimile
917 4294 965 4353 est
980 4309 1155 4372 paucarum
1171 4289 1296 4352 illarum

159 4390 444 4478 paragraphorum,
471 4386 607 4476 quarum
628 4392 700 4458 fons
723 4413 764 4456 ex
787 4393 842 4478 eis,
872 4393 927 4483 qui
949 4394 1033 4482 typis
1064 4393 1183 4478 vulgati
1213 4399 1297 4472 sunt,

1176 4491 1194 4550 2
