3182 5130
323 359 362 421 12
835 355 934 440 [roe]

320 548 450 632 πλαιίην
485 547 614 612 Ιοοοοίο
652 548 842 614 Damasccni
874 549 937 632 [ed.
970 550 1256 638 Leqnien·llligne
1291 558 1367 618 tom.
1401 554 1455 618 ΙΙΙ

320 671 393 737 pag.
418 651 520 736 825]).
545 689 584 698 —
609 653 679 732 napi
708 650 915 735 οἷνακρεοντίοο
938 651 1033 736 (inat
1061 650 1108 717 Tol
1132 651 1331 739 ἀνακρεόντια
1353 655 1455 722 ἐπιδέ-

320 781 428 840 χονται
460 755 516 836 μὲν
538 753 642 819 αὐτῶν
662 755 691 819 οἱ
713 751 798 838 οἷνίοι1
821 753 1015 835 ἀνάπαιστον,
1046 755 1124 822 dee:
1154 753 1200 822 ὅτι
1230 758 1382 840 οἰναιιρίοιν
1407 761 1455 838 τίς

321 865 439 943 πρῶτος
461 859 561 924 τούτω
576 857 731 943 ἐχρήσατο
745 857 846 942 [conf.
863 859 1042 946 Ps-Heph.
1058 862 1076 943 ξ
1092 859 1150 944 8]).
1169 901 1206 910 -
1229 867 1300 946 περὶ
1314 865 1458 946 ἰαμβικοῦ

321 963 415 1046 (inat
437 960 471 1028 τὸ
496 959 635 1044 ἰαμβικὸν
656 961 770 1046 μέτρον
791 962 960 1048 ἑξάμετρον
981 968 1030 1029 καὶ
1050 965 1213 1049 τρίμετρον
1227 973 1368 1033 καλεῖται.
1391 967 1457 1053 τρί-

319 1091 433 1150 μετρον
447 1066 514 1146 μὲν,
529 1065 612 1130 des:
628 1067 764 1148 ἐστήριξε
779 1065 858 1150 κοὶρη
873 1071 923 1131 καὶ
938 1070 988 1132 ἐπὶ
997 1069 1092 1150 χθονὶ
1104 1071 1199 1150 βαίνει
1210 1067 1323 1152 (Hom.
1337 1067 1456 1153 Aldu>

322 1166 418 1249 [coni.
443 1192 469 1234 e.
493 1189 524 1252 g.
547 1165 683 1232 ‘Scholia
704 1169 964 1253 Hephaesticuea
985 1167 1021 1234 B'
1042 1191 1114 1255 pag.
1133 1173 1172 1236 18
1198 1172 1247 1237 ed.
1263 1171 1455 1236 Hoerschcl·

320 1270 440 1354 mann}
472 1307 511 1318 -
543 1270 586 1335 ἔτι
614 1274 686 1357 περὶ
718 1276 898 1336 δακτυλινοιῖ
925 1270 1040 1357 μέτρον
1070 1274 1165 1350 (inat
1204 1272 1249 1336 To
1280 1273 1456 1338 duunchado

319 1375 436 1458 μέτρον
457 1372 628 1458 ἐπιδέχεται
651 1374 746 1452 πόδας
760 1361 791 1457 tl,
806 1375 860 1440 τόν
875 1373 1032 1456 δάκτυλον,
1056 1375 1141 1442 des:
1167 1375 1229 1442 ἔστι
1252 1377 1349 1441 δὲκαὶ
1365 1376 1455 1460 ἑτέρα

319 1475 488 1562 deducitur),
513 1474 530 1561 ἦ
555 1475 593 1542 τὰ
615 1478 769 1562 βοοκολινοὶ
793 1479 1028 1564 σονεγροῖφησαν
1048 1479 1144 1562 [conf.
1160 1479 1337 1564 Ps-Hoph.
1354 1479 1371 1562 ᾗ
1388 1479 1459 1564 10].

322 1581 506 1667 Sequuntur
528 1582 559 1646 in
582 1581 607 1644 Z
630 1582 719 1646 varia
741 1603 825 1666 quae
848 1581 887 1646 ad
911 1603 978 1646 rem
1002 1583 1164 1647 metricam
1187 1603 1251 1646 non
1280 1583 1455 1666 pertinent;

321 1707 359 1749 ac
380 1686 517 1770 primum
533 1684 660 1770 quidem
683 1683 882 1750 definitiones
897 1687 1134 1770 vocabulorum,
1159 1707 1238 1772 quae
1254 1692 1328 1750 sunt
1344 1685 1456 1772 φράσις

321 1787 465 1872 ἕνφρασις
487 1785 667 1872 ἀντίφρασις
687 1789 882 1874 μετάφρασις
904 1790 1098 1875 παράφρασις
1120 1792 1169 1853 καὶ
1190 1791 1375 1874 περίφρασις
1393 1795 1457 1854 δια·

321 1890 407 1979 φέρει
430 1897 493 1956 κτλ.
518 1890 618 1973 (dest
640 1893 689 1954 καὶ
710 1891 762 1974 βίη
786 1889 941 1976 ἡρακλείη,
964 1890 1033 1956 ἀντὶ
1056 1899 1113 1958 τοῦ
1132 1891 1310 1978 η’ροιιιλῆς).1

425 1998 455 2060 3.
484 1995 650 2059 Matricem
667 1995 845 2078 congeriem
862 2015 932 2059 cum
949 1995 1348 2081 Pseudo-Hephaestionis
1364 2017 1456 2082 para-

321 2099 450 2184 graphis
475 2098 580 2162 2-45
603 2099 719 2183 partim
742 2103 970 2182 congruentem
1000 2100 1200 2185 paragrapho
1231 2100 1353 2184 primae
1383 2101 1457 2165 sub·

322 2204 435 2267 iectam
460 2200 592 2266 exhibet
846 2287 848 2290 Ι

425 2305 528 2370 codex
549 2302 788 2368 Vaticanus
814 2303 859 2367 15
882 2303 1067 2371 chartaceus
1096 2307 1216 2372 saeculi
1241 2305 1307 2371 XV
1329 2307 1453 2371 miscel-

321 2409 434 2474 laneus
471 2406 527 2490 (de
567 2429 630 2493 quo
670 2406 754 2472 conf.
790 2405 989 2472 Studemund
1023 2409 1055 2472 in
1090 2410 1194 2473 annal.
1227 2409 1337 2494 philol.
1372 2431 1456 2474 anno

306 2514 405 2604 Ι1867
429 2533 503 2597 pag.
528 2509 622 2594 614);
647 2511 788 2576 continet
810 2512 894 2575 enim
916 2511 971 2577 fol.
995 2513 1070 2576 232³
1089 2547 1124 2558 -
1142 2513 1197 2579 fol.
1221 2515 1284 2577 239
1313 2511 1458 2578 Pseudo·

322 2614 574 2700 Hephaestionis
597 2613 722 2696 (titulus
747 2613 797 2678 hic
821 2621 883 2680 est:
915 2613 1204 2698 ἡφαιοτίωνος
1226 2618 1296 2701 περὶ
1324 2615 1457 2699 μέτρων)

321 2718 540 2805 paragraphcs
566 2719 681 2782 1-11.
726 2716 834 2798 (Quod
858 2716 1058 2783 Studemund
1073 2720 1094 2784 l.
1110 2741 1136 2786 c.
1161 2719 1240 2784 dixit
1254 2721 1357 2786 inesse
1380 2741 1458 2784 non·

321 2823 410 2887 nulla
433 2822 540 2906 capita
571 2841 612 2884 ex
643 2821 771 2886 scholiis
793 2820 1062 2907 Hephaestioneis
1086 2825 1113 2888 B
1141 2823 1319 2911 desumpta,
1353 2822 1385 2888 id
1413 2825 1458 2888 ita

321 2923 572 3008 intellegendum
590 2929 650 3004 est,
674 2928 709 2986 nt
725 2930 947 3009 argumentum
964 2926 1086 3011 aliquot
1103 2947 1224 3008 aarum,
1246 2948 1328 3011 qnae
1349 2924 1458 2992 codice

322 3029 480 3095 Vaticano
507 3027 721 3109 continentur,
751 3026 1024 3112 paragraphorum
1047 3027 1458 3114 Pseudo-Hephaestionis

323 3153 394 3197 cum
426 3132 560 3196 ‘scholiis
583 3129 853 3215 Hephaestioneis
876 3127 912 3194 B'
933 3136 1002 3196 arta
1034 3132 1225 3215 cognatione
1259 3131 1458 3215 cohaereat).

427 3237 457 3300 4.
492 3234 615 3299 Eodem
630 3234 789 3317 pertinere
804 3233 932 3298 videtur
951 3234 1056 3298 codex
1073 3234 1379 3300 Laurentianus
1394 3224 1459 3300 LV

324 3346 341 3406 ‘l
366 3341 553 3406 chartaceus
575 3337 698 3402 formae
722 3343 854 3422 quartae
877 3337 1007 3402 minoris
1031 3357 1114 3402 saec.
1136 3336 1203 3402 XV
1225 3337 1456 3422 miscellaneus,

324 3443 407 3508 conf.
446 3436 649 3506 Studemund
680 3439 701 3505 l.
743 3460 769 3506 c.
805 3460 877 3525 pag.
909 3442 972 3504 613
1006 3431 1052 3523 sq.
1107 3438 1256 3505 Continet
1291 3439 1318 3503 is
1358 3439 1459 3504 codex

322 3547 377 3612 fol.
406 3547 481 3609 319'
510 3542 814 3628 Ἡφαιστίωνος
842 3545 914 3632 περὶ
942 3541 1063 3624 μέτρων
1096 3543 1169 3622 (inc.
1202 3543 1243 3606 Εἰ
1271 3541 1458 3638 pilleatae),

323 3647 530 3736 sequentibus
553 3647 674 3733 aliquot
696 3647 884 3712 tractatibus
915 3645 1071 3729 metricis,
1100 3647 1153 3732 qui
1175 3667 1239 3731 qua
1269 3645 1460 3732 cognatione

324 3775 397 3818 cum
428 3750 842 3838 Pseudo-Hephaestionis
874 3750 954 3815 libro
988 3750 1182 3815 cohaereant
1214 3771 1255 3815 ex
1287 3751 1343 3830 iis,
1378 3769 1460 3834 quae

324 3857 524 3924 Studemund
549 3857 589 3922 de
616 3856 678 3922 hoc
710 3855 819 3920 codice
851 3855 1030 3936 adnotavit,
1063 3856 1214 3938 cognosci
1246 3876 1311 3920 non
1343 3861 1459 3940 potest.

430 4139 440 4173 ¹
459 4137 573 4189 Initium
591 4134 705 4202 puerilis
723 4133 808 4199 illins,
828 4147 897 4199 quae
916 4131 945 4184 in
965 4130 1069 4184 codicis
1087 4133 1106 4183 Z
1125 4129 1179 4182 fine
1198 4131 1309 4196 legitur,
1328 4132 1461 4182 tractatus

327 4230 360 4280 de
378 4223 469 4290 poetis
487 4221 571 4286 (conl.
582 4218 752 4274 Studemund
770 4219 798 4270 in
811 4219 904 4271 annal.
918 4218 1011 4283 philol.
1024 4234 1049 4269 a.
1063 4215 1130 4270 1867
1143 4229 1204 4284 pag.
1218 4215 1270 4270 612
1281 4216 1328 4268 lin.
1340 4213 1374 4269 51
1387 4213 1461 4282 sqq.)

327 4311 456 4380 congruit
473 4325 534 4362 cum
552 4307 668 4361 Tzetaae
686 4305 892 4376 prolegomenis
910 4302 946 4357 ad
964 4301 1139 4372 Lycophrcn.
1158 4315 1222 4370 pag.
1241 4301 1292 4356 247
1313 4301 1357 4357 ed.
1375 4299 1412 4354 M.
1431 4299 1461 4356 0.
1550 4371 1551 4378 ρ

329 4399 361 4457 G.
379 4397 502 4454 Mueller.
