3182 5130
279 1177 475 1260 Scriptorum
499 1175 538 1240 de
562 1196 596 1240 re
618 1175 750 1240 metrica
766 1175 964 1241 Graecorum
987 1177 1127 1241 studium
1144 1199 1216 1242 cum
1239 1187 1313 1264 post

174 1286 302 1347 renatas
324 1281 356 1344 in
379 1278 474 1343 Italia
496 1279 618 1342 litteras
641 1279 681 1342 ab
705 1265 883 1344 hominibus
905 1279 1008 1345 doctis
1031 1281 1112 1345 adeo
1129 1281 1310 1365 neglectum

173 1386 301 1464 iaceret,
317 1389 353 1447 ut
369 1382 521 1466 perpauci
541 1383 668 1446 illorum
685 1382 836 1446 librorum
852 1383 996 1446 notitiam
1012 1389 1169 1463 tenerent,
1191 1385 1311 1466 primus

174 1485 400 1570 Rudclphus
430 1475 632 1568 Westphal
667 1485 700 1548 in
732 1484 814 1548 libro
850 1484 891 1550 de
922 1507 956 1548 re
987 1485 1118 1550 metrica
1147 1486 1312 1570 ingenioso

175 1590 354 1674 conscripto
379 1586 503 1670 (18112
525 1607 597 1671 pag.
616 1589 676 1652 196
700 1586 784 1672 sqq.)
809 1587 979 1671 diligenter
999 1587 1172 1672 inquisivit,
1197 1589 1313 1673 singuli

174 1693 344 1774 scriptores
375 1689 497 1754 metrici
527 1710 590 1774 quo
621 1690 745 1753 vinculo
777 1689 860 1754 iuter
890 1711 925 1754 se
958 1689 1166 1755 cohaererent
1177 1691 1196 1754 ¹.
1249 1692 1311 1767 Qui

175 1814 366 1881 quamquam
389 1798 512 1878 partem
537 1798 661 1856 tantum
684 1793 751 1856 veri
782 1793 930 1877 dispexit,
962 1800 997 1857 nt
1026 1813 1084 1878 par
1115 1800 1163 1858 est
1191 1793 1221 1858 in
1248 1794 1311 1860 dis·

176 1899 290 1984 ciplina
324 1916 408 1960 nova
438 1895 620 1973 tractanda,
649 1894 681 1958 id
708 1902 814 1960 tamen
850 1895 971 1977 effecit,
1002 1902 1037 1960 ut
1075 1895 1139 1959 dno
1177 1897 1237 1962 viri
1270 1898 1310 1963 de

175 1999 318 2065 doctrina
333 1998 465 2062 metrica
477 1998 596 2081 optime
611 1998 718 2062 meriti
733 1999 904 2082 scriptores
919 1986 1010 2064 dere
1027 1999 1157 2064 metrica
1170 2000 1311 2066 Graecos

174 2105 207 2169 iu
230 2097 430 2168 bibliothecis
452 2101 589 2165 latentes
620 2099 732 2164 sedulo
756 2101 987 2185 investigarent
1019 2109 1051 2166 et
1081 2102 1310 2169 describerent.

174 2206 258 2271 Nam
281 2204 492 2270 Guilelmus
516 2203 768 2286 Studemund,
791 2210 983 2288 praeceptor
1007 2227 1106 2289 meus,
1129 2206 1311 2291 perquisitis

173 2308 373 2374 bibliothecis
394 2307 517 2372 Italicis
543 2306 576 2369 in
605 2306 712 2370 annali
734 2306 898 2390 philologo
921 2309 1050 2372 81867
1072 2329 1145 2393 pag.
1164 2311 1225 2374 609
1243 2329 1311 2393 sqq.

177 2413 368 2480 8181885
399 2431 470 2497 pag.
494 2411 557 2473 748
580 2430 647 2494 sqq.
670 2431 794 2473 necnon
825 2409 858 2472 in
885 2409 1058 2475 Anecdotis
1086 2411 1244 2475 Ohisianis
1276 2416 1311 2488 (a

178 2513 336 2578 Guilelmo
374 2511 597 2594 Mangelsdorl
629 2511 844 2576 Oarolsruhae
881 2532 909 2575 a.
948 2514 1030 2577 1876
1065 2513 1171 2596 861118)
1210 2522 1243 2580 81
1279 2515 1312 2578 18

175 2615 415 2682 Auecdotorum
438 2614 609 2680 Variorum
630 2613 833 2680 voluminaI
863 2613 907 2698 (a.
944 2615 1040 2698 1886)
1072 2617 1180 2701 largos
1213 2624 1311 2702 atquo

45 2799 49 2808 .
173 2719 410 2804 inexspectatos
443 2716 569 2782 effudit*
589 2719 755 2782 thesauros
787 2717 829 2782 ad
858 2718 946 2781 illam
976 2721 1144 2784 materiam
1172 2720 1310 2804 locuple-

174 2820 304 2886 tandam
326 2822 579 2906 scriptorumque
603 2821 644 2885 de
666 2829 711 2885 re¹
725 2821 855 2886 metrica
878 2820 1041 2886 historiam
1059 2823 1310 2905 contexendam3

174 2932 208 2990 ct
224 2925 437 2991 Guilelmus
460 2924 788 2990 Hoorschelmann
808 2923 840 2986 in
857 2923 971 2990 Museo
988 2924 1145 2991 Rhenano
1161 2926 1313 2996 XXXVI

174 3027 218 3112 (a.
237 3029 334 3111 1881)
355 3051 428 3115 pag.
445 3032 508 3094 260
530 3049 598 3114 sqq.
614 3029 695 3091 etin
712 3036 948 3114 programmate
970 3029 1166 3114 Dorpatensi
1181 3049 1209 3093 a.
1228 3015 1311 3094 1882

175 3133 415 3198 commentarios
437 3133 476 3197 iu·
493 3131 743 3219 Hephaestionis
767 3130 974 3196 Euchiridion
1005 3133 1201 3216 conscriptos
1226 3153 1311 3198 nova

173 3235 243 3300 luca
266 3235 444 3300 illustravit.

277 3336 367 3401 Inter
389 3358 436 3420 ca,
461 3341 544 3422 quae
568 3334 802 3402 St'udemund
825 3337 857 3400 in
880 3336 984 3402 lucem
1001 3338 1170 3422 protraxit,
1195 3339 1312 3424 scripta

173 3441 304 3505 metrica
325 3438 455 3522 inedita,
479 3439 557 3503 dum
578 3439 744 3527 historiam
767 3439 959 3525 scriptorum
981 3439 1021 3504 de
1043 3461 1078 3505 re
1093 3441 1227 3506 metrica
1242 3463 1311 3529 par·

173 3545 282 3624 lustro,
304 3563 383 3627 prae
405 3541 519 3607 ceteris
535 3563 586 3606 me
602 3541 723 3607 allicuit
740 3542 905 3625 congeries
920 3542 975 3606 1118
990 3543 1114 3608 metrici
1134 3545 1315 3628 argumenti

173 3647 232 3712 sub
244 3644 495 3731 Hephaestionis
510 3644 638 3710 nomine
653 3665 718 3708 non
734 3645 845 3729 paucis
857 3645 1016 3710 codicibus
1029 3645 1158 3728 tradita,
1175 3668 1313 3733 quorum

172 3748 278 3813 nullus
299 3748 428 3813 saeculo
450 3746 516 3812 XV
538 3747 699 3833 antiquior
722 3767 791 3812 esse
814 3747 958 3831 videtur3
982 3748 1064 3814 conf.
1089 3770 1170 3834 quae
1193 3749 1234 3814 de
1253 3750 1314 3815 hac

173 3850 747 3916 18818888188811181118118118111
776 3850 808 3914 in
838 3850 946 3915 annali
977 3851 1142 3936 philologo
1175 3873 1203 3918 a.
1229 3853 1311 3916 1867

173 3975 247 4040 pag.
278 3956 467 4020 611-614.
512 3953 666 4019 Precibus
698 3953 796 4037 igitur
826 3975 846 4017 8
877 3952 1097 4040 Studemnndo
1129 3955 1245 4039 petivi,
1276 3948 1315 4019 ul

172 4057 250 4122 mihi
272 4057 344 4122 libri
359 4056 760 4142 Pseudo-Hephaestionei
783 4057 971 4122 aestimandi
994 4057 1180 4122 facultatem
1202 4056 1312 4141 daret3

275 4301 285 4334 ¹
306 4295 386 4350 Gonl'.
405 4298 488 4350 etiam
508 4302 708 4364 Augustum
727 4297 914 4352 Rossbach
932 4298 962 4351 in
975 4299 1187 4366 programmatis
1205 4299 1316 4351 univcr-

175 4381 264 4438 sitatis
283 4382 509 4440 Vratislariensis
528 4402 552 4439 a.
573 4383 640 4442 1857
659 4390 685 4440 81
705 4383 780 4442 1858.
