3182 5130
304 339 345 406 ro
826 331 915 422 [204]

304 531 343 596 de
359 552 393 597 re
408 531 539 598 metrica
554 529 760 617 scriptoribus
777 529 912 594 derivari
930 529 1048 616 nequit,
1072 537 1236 596 auctorem
1252 554 1321 596 esse
1335 529 1442 615 ipsum

304 636 464 719 congeriei
487 633 917 718 Pseudo-Hephaestionem
939 635 1138 721 scriptorem,
1161 657 1232 700 cum
1256 642 1381 720 praeter
1404 657 1443 700 ea

236 821 238 826 Ι
304 741 419 825 capita,
442 759 525 823 quae
549 738 662 804 eodem
685 738 796 802 ordine
819 757 891 802 sese
915 738 1106 823 excipientis
1128 759 1172 802 ex
1194 740 1329 803 aliorum
1351 739 1441 803 libris

304 843 494 927 transcripta
519 850 603 923 sunt,
626 842 714 905 nulla
736 843 860 906 ratione
884 841 978 905 huius
1003 841 1162 925 congeriei
1185 843 1319 905 materia
1339 841 1442 906 distri·

303 949 382 1013 buta
406 949 455 1027 sit,
479 945 536 1011 sed
559 947 664 1032 potius
689 967 764 1009 casu
787 946 928 1031 quodam
952 967 970 1010 e
993 945 1088 1010 variis
1105 945 1144 1010 de
1159 967 1194 1010 re
1210 945 1339 1009 metrica
1354 945 1442 1009 libris

304 1051 357 1114 vel
379 1049 530 1113 librorum
554 1049 717 1132 particulis
752 1057 884 1113 consuta
915 1070 984 1112 esse
1017 1049 1169 1112 videatur.
1212 1048 1441 1112 Gravissimum

305 1153 401 1238 igitur
430 1158 495 1234 est,
528 1157 563 1216 ut
598 1172 806 1237 quaeramus,
838 1151 953 1236 quibus
986 1151 1064 1215 haec
1096 1152 1258 1236 congeries
1286 1151 1441 1216 efficiatur

306 1256 486 1337 elementis,
524 1260 556 1319 et
592 1275 656 1339 quo
696 1255 821 1319 vinculo
859 1254 985 1338 singula
1022 1255 1104 1318 inter
1141 1277 1176 1319 se
1214 1276 1337 1320 conexa
1374 1276 1443 1319 esse

306 1359 485 1422 videantur.

411 1465 521 1549 Atque
544 1465 679 1548 primum
704 1463 834 1549 quidem
858 1464 952 1526 variis
976 1461 1016 1526 de
1040 1463 1142 1526 causis
1165 1483 1185 1524 a
1207 1463 1320 1526 ceteris
1337 1483 1444 1546 segre-

294 1547 299 1558 ’
307 1569 414 1652 ganda
438 1575 486 1632 est
509 1567 728 1654 paragraphus
751 1569 863 1653 prima.
903 1565 985 1630 Nam
1002 1587 1072 1630 cum
1090 1566 1217 1650 reliquis
1239 1566 1444 1651 paragraphis

309 1671 456 1737 omnibus
489 1672 615 1756 propria
645 1681 820 1755 praecepta
849 1670 971 1734 metrici
1006 1669 1183 1752 argumenti
1216 1672 1444 1751 contineantur,

310 1777 368 1838 hac
391 1797 455 1840 una
479 1775 634 1839 demetri
657 1783 689 1838 et
712 1771 818 1859 pedis'
834 1773 954 1857 origine
984 1783 1162 1856 naturaque
1189 1793 1276 1836 more
1308 1773 1444 1857 philoso-

311 1878 443 1964 phorum
467 1878 583 1963 agitur,
616 1877 733 1961 singuli
755 1877 855 1962 pedes
887 1877 1047 1960 quomodo
1077 1876 1160 1940 inter
1189 1896 1223 1939 se
1254 1877 1444 1940 cohaereant

309 1983 411 2065 figura
433 1983 628 2065 geometrica
652 1981 839 2064 explicatur,
863 2002 1071 2045 numerorum
1086 1981 1139 2064 qui
1155 1978 1260 2043 ritaret
1281 1979 1445 2043 aGraecis

310 2093 464 2149 vocantur
488 2086 605 2150 mentio
629 2086 675 2167 lit,
700 2085 837 2169 denique
860 2086 901 2150 de
919 2085 1040 2168 origine
1062 2085 1223 2148 nominum
1248 2085 1446 2168 singulorum

311 2188 429 2273 pedum
453 2189 566 2270 agitur.
613 2187 696 2252 rPota
718 2189 911 2272 paragraphi
932 2189 946 2250 l
972 2189 1105 2252 materia
1122 2187 1304 2273 diligentius
1319 2208 1447 2272 compo·
1571 2207 1572 2230 ¹

285 2319 290 2328 ·
311 2293 371 2355 sita
394 2297 427 2354 et
449 2300 644 2375 pertractata
667 2300 716 2355 est
739 2311 834 2375 quam
856 2292 888 2355 in
911 2292 1120 2376 paragraphis
1144 2291 1217 2355 inde
1247 2312 1266 2354 a
1295 2290 1446 2356 secunda.

312 2393 406 2458 Adde
430 2393 512 2478 quod
530 2415 688 2478 nusquam
712 2395 751 2456 ad
776 2394 857 2458 hanc
879 2395 1012 2478 primam
1034 2394 1268 2479 paragraphum
1289 2395 1320 2457 in
1335 2393 1448 2470 ceteris

312 2496 519 2581 paragraphis
547 2503 739 2560 revocantur
767 2497 912 2570 lectores.
958 2496 995 2560 In
1028 2516 1092 2560 uua
1123 2496 1205 2559 enim
1235 2495 1447 2581 paragrapho,

308 2600 368 2663 'ubi
391 2599 459 2663 fieri
482 2599 514 2662 id
538 2599 664 2662 videtur
693 2599 797 2679 verbis
828 2597 872 2675 aig
899 2601 934 2687 ἐν
968 2606 1014 2687 τῷ
1041 2601 1110 2678 περὶ
1136 2598 1296 2679 ὀνομάτων
1322 2597 1449 2678 εἴπομεν
1571 2617 1572 2638 ¹

313 2699 347 2784 (ὅ
362 2703 419 2783 24;
443 2702 556 2765 eadem
579 2701 729 2784 leguntur
752 2701 780 2764 in
807 2703 906 2766 schol.
931 2702 1082 2787 HephB
1106 2723 1178 2787 pag.
1202 2705 1254 2785 25,
1279 2705 1334 2783 28;
1366 2702 1448 2766 conf.
1571 2703 1572 2754 l

313 2805 407 2867 etiam
421 2803 565 2868 Behkeri
577 2803 746 2868 Anecdota
759 2803 883 2867 Graeca
895 2804 928 2867 II
941 2826 1014 2889 pag.
1029 2807 1101 2882 859,
1119 2808 1159 2868 14
1172 2803 1256 2890 sqq.)
1268 2805 1308 2868 de
1322 2825 1448 2888 prorsus
1571 2817 1572 2820 ’

205 2906 208 2912 ’
313 2906 381 2970 aliis
404 2906 499 2970 rebus
522 2906 628 2989 agitur
651 2913 748 2991 atque
772 2907 801 2969 in
826 2905 903 2988 §12
927 2926 1008 2990 quae
1025 2907 1069 2970 sio
1086 2907 1212 2992 quidem
1237 2907 1363 2990 incipit:
1383 2903 1449 2990 ὥρα
1513 2969 1518 2982 ,

314 3009 349 3074 di
371 3013 419 3072 καὶ
441 3011 509 3091 περὶ
533 3015 596 3072 τῶν
618 3007 778 3089 ὀνομάτων
800 3009 915 3073 τούτων
941 3012 1045 3087 εἰπεῖν,
1067 3031 1128 3074 neo
1151 3016 1259 3074 tamen
1282 3011 1449 3094 quicquam

315 3114 374 3177 nisi
396 3113 514 3200 pedum
537 3114 665 3178 nomina
687 3115 719 3177 in
742 3113 759 3195 ξ
784 3111 815 3177 1b
839 3113 1048 3198 explicantur,
1078 3115 1109 3177 in
1132 3113 1149 3195 ξ
1173 3115 1214 3176 24
1237 3118 1345 3179 autem
1375 3133 1450 3197 quo·

317 3216 410 3280 modo
435 3217 567 3302 syllabis
591 3217 690 3303 pedes
713 3216 871 3301 disyllabi,
898 3218 1054 3302 trisyllabi
1077 3223 1138 3282 etc.
1168 3217 1349 3282 efficiantur
1377 3216 1452 3280 edo·
1571 3303 1572 3308 ἵ

317 3341 433 3384 camur.
480 3321 528 3384 Ac
550 3341 590 3384 ne
613 3341 676 3385 uno
700 3319 827 3405 quidem
852 3321 951 3384 verbo
974 3321 1004 3383 in
1032 3323 1095 3384 fine
1123 3320 1318 3404 paragraphi
1343 3317 1374 3382 1δ
1397 3324 1452 3382 aut
1571 3329 1572 3378 t

314 3424 346 3487 in
370 3424 459 3487 initio
481 3424 673 3508 paragraphi
698 3425 717 3486 2
741 3425 893 3488 transitus
916 3423 1051 3488 eflicitur
1073 3444 1093 3486 a
1116 3423 1382 3487 commentatione
1413 3423 1453 3485 de

316 3527 435 3610 pedum
460 3524 639 3590 nominibus
664 3525 696 3609 (ξ
725 3525 769 3606 p)
799 3527 841 3591 ad
870 3527 947 3590 illud
973 3526 1059 3612 quod
1090 3527 1192 3612 primo
1222 3533 1354 3610 aspectu
1383 3531 1452 3590 arte

317 3650 389 3694 cum
413 3631 626 3695 antecedente
652 3631 853 3694 coniunctum
878 3629 1004 3694 videtur
1031 3650 1100 3694 esse
1130 3633 1225 3714 caput
1254 3631 1450 3713 singulorum

316 3733 432 3817 pedum
457 3733 621 3796 schemata
645 3740 677 3796 et
702 3733 849 3816 exempla
872 3732 1037 3797 continens
1061 3731 1092 3813 (ἕ
1116 3733 1161 3812 2).
1199 3731 1343 3814 Accedit,
1367 3732 1452 3816 quod
1571 3743 1572 3754 ¹

318 3842 351 3902 et
379 3836 476 3899 alium
507 3835 624 3919 pedum
656 3835 799 3900 ordinem
826 3836 886 3918 §2
916 3836 1047 3900 exhibet
1076 3840 1172 3918 atque
1203 3833 1220 3915 ἓ
1247 3832 1277 3898 lb
1300 3839 1332 3898 et
1360 3835 1454 3919 plane

318 3940 476 4004 diversum
510 3944 560 4003 est
590 3940 739 4002 orationis
769 3960 870 4023 genus
899 3939 1020 4023 primae
1051 3937 1241 4022 paragraphi
1264 3958 1283 4001 a
1306 3959 1453 4003 sermone
1571 3983 1572 3990 κ

317 4044 510 4126 reliquarum
535 4042 689 4119 omnium3
716 4043 812 4105 veluti
835 4043 866 4105 in
889 4041 925 4124 ἓξ
950 4043 1056 4108 2-45
1080 4061 1120 4106 ne
1143 4040 1241 4104 semel
1263 4040 1391 4124 quidem
1413 4041 1454 4104 ad
1571 4123 1572 4138 ,

319 4166 434 4210 novum
459 4144 619 4229 quoddam
643 4152 740 4229 eaput
763 4146 867 4209 verbis
890 4141 959 4230 ὥρα
981 4145 1013 4208 δὲ
1035 4149 1084 4208 καὶ
1106 4145 1157 4208 vel
1188 4140 1247 4230 ὅρα
1274 4143 1306 4207 δὲ
1326 4149 1375 4208 καὶ
1402 4144 1455 4208 vel

319 4248 473 4313 similibus
498 4250 599 4314 oratio
618 4248 802 4329 traducitur,
825 4269 906 4333 quac
928 4251 1026 4314 verba
1041 4270 1137 4332 saepe
1152 4248 1301 4332 leguntur
1317 4249 1347 4312 in
1364 4268 1456 4332 para·
1571 4231 1572 4312 Ῐ

319 4349 440 4436 grapho
467 4353 580 4442 prima,
610 4352 731 4440 conf.§
761 4359 802 4416 1⁸:
831 4348 890 4435 ὅρα
917 4354 949 4416 δὲ
979 4355 1027 4416 uui
1056 4349 1102 4416 ὅτι
1131 4357 1245 4441 φυσικῇ
1271 4378 1326 4415 τινι
1357 4350 1456 4430 τάξεις
